3238 4940
247 295 308 370 {52
854 315 1030 370 11161116.

247 409 419 519 quutioni
434 408 483 489 .in
510 405 660 514 reliquis
686 408 814 491 Italiae
840 414 1006 517 partibus
1046 411 1229 517 gradatim
1271 412 1500 505 demandata,
1522 415 1556 498 in

241 530 313 606 hoc
339 527 451 605 etiam
478 527 680 605 catholicae
707 529 790 605 fidei
809 532 934 606 centro
953 529 1144 632 religiosas
1161 530 1318 610 familias
1344 535 1554 636 extinguere

242 645 382 739 debeat,
404 644 572 745 bonaque
597 642 786 721 Ecclesiae
812 644 977 722 addicere
1005 645 1093 723 fisco
1121 651 1160 724 et
1198 646 1366 750 publicae
1406 651 1555 727 obiicere

241 758 449 837 licitationi.
485 759 603 836 Porro
642 759 702 835 lex
729 759 854 854 istaec,
892 759 923 834 si
950 763 1075 838 tamen
1114 760 1206 864 legis
1239 765 1386 841 nomine
1428 767 1554 842 scitum

242 876 437 952 honestare
464 875 551 952 licet
576 875 645 977 ipsi
672 875 845 971 naturali,
868 876 991 979 divino
1019 881 1057 952 et
1083 877 1209 955 sociali
1237 878 1310 955 iuri
1334 905 1550 981 repugnans,

243 991 361 1068 multo
389 991 548 1092 iniquior
578 994 616 1067 et
643 989 821 1068 funestior
849 992 991 1070 Romae
1017 996 1056 1069 et
1096 992 1362 1095 circumpositis
1402 997 1552 1097 obtingit

244 1104 454 1210 provinciis.
476 1103 699 1182 Profundius
727 1106 826 1183 enim
854 1111 892 1183 et
918 1107 1038 1184 acrius
1065 1107 1149 1186 iura
1175 1108 1349 1186 vulnerat
1367 1113 1404 1185 et
1422 1135 1555 1211 posses-

244 1211 364 1300 siones
399 1221 619 1299 universalis
651 1221 847 1316 Ecclesiae,
882 1221 975 1299 fonti
1004 1221 1075 1324 ipsi
1111 1222 1306 1301 insidiatur
1334 1225 1413 1300 veri
1441 1226 1552 1303 cultus

245 1337 402 1432 socialis,
425 1361 535 1437 quem
562 1336 756 1438 religiosae
783 1334 944 1414 familiae
971 1337 1123 1413 immani
1151 1335 1274 1416 labore
1301 1340 1455 1443 parique
1474 1365 1547 1417 con-

244 1451 382 1556 stantia
406 1458 444 1528 et
471 1452 775 1554 magnanimitate
816 1477 891 1528 non
929 1453 967 1528 in
994 1453 1205 1553 regionibus
1239 1457 1387 1530 tantum
1423 1457 1551 1532 nostris

246 1571 508 1669 promoverunt
535 1571 573 1643 et
598 1566 841 1669 perfecerunt,
865 1568 926 1644 sed
953 1569 998 1644 ad
1026 1571 1168 1646 exteras
1195 1593 1339 1671 quoque
1367 1576 1495 1672 gentes
1522 1576 1554 1647 et

244 1683 428 1774 efferatas,
448 1681 667 1784 posthabitis
686 1682 970 1778 difficultatibus,
994 1684 1185 1781 molestiis
1209 1685 1394 1763 aerumnis
1411 1687 1552 1788 ipsaque

245 1800 338 1893 vita,
360 1798 564 1875 attulerunt
591 1803 629 1874 et
654 1822 763 1900 porro
790 1797 964 1892 afferunt3
986 1824 1029 1876 ac
1051 1800 1196 1878 demum
1223 1801 1374 1904 propius
1400 1801 1554 1901 refraga-

244 1919 306 1991 tur
333 1913 558 2016 apostolatus
586 1913 712 1990 Nostri
741 1911 860 1989 debito
888 1918 926 1990 et
952 1912 1041 1990 iuri.

328 2059 347 2103 ›
369 2028 567 2131 Siquidem,
586 2025 712 2105 deletis
731 2027 930 2130 Religiosis
943 2027 1108 2105 Familiis
1131 2032 1197 2106 aut
1215 2031 1425 2125 exinanitis
1448 2029 1553 2107 61616-

244 2170 315 2246 que
329 2141 506 2220 saeculari
521 2144 566 2220 ad
581 2143 743 2244 inopiam
762 2143 906 2219 redacto
921 2147 958 2219 et
972 2141 1143 2220 militaris
1157 2145 1438 2248 conscriptionis
1452 2171 1553 2221 eausa

243 2263 464 2350 rarescente,
482 2281 557 2335 non
585 2258 701 2336 solum
728 2259 801 2350 hic,
824 2262 865 2334 ut
892 2259 992 2352 alibi,
1015 2258 1316 2341 desiderabuntur
1342 2261 1404 2361 qui
1428 2283 1549 2362 panem

243 2376 346 2452 verbi
373 2374 506 2477 populo
533 2373 719 2474 frangant,
738 2371 802 2471 qui
816 2371 987 2449 'fidelibus
1006 2378 1236 2451 sacramanta
1254 2375 1475 2464 ministrent,
1496 2374 1550 2475 qui

243 2490 523 2570 adolescentiam
548 2489 747 2565 instituant
772 2490 810 2562 et
836 2490 1006 2565 muniant
1029 2490 1203 2567 adversus
1231 2491 1443 2567 innumeras
1469 2489 1549 2566 iusi·

243 2609 321 2684 dias
349 2607 383 2682 ei
410 2603 568 2707 quotidie
594 2609 768 2696 structam
791 2605 853 2680 sed
879 2607 1049 2683 Romano
1071 2630 1216 2708 quoque
1233 2606 1409 2684 Pontifici
1427 2607 1550 2682 subdu·

243 2727 374 2800 centur
400 2720 540 2797 auxilia
565 2719 709 2820 quibus,
733 2719 789 2796 uti
817 2719 1036 2797 universalis
1063 2723 1244 2824 Magister
1270 2726 1308 2798 61
1334 2723 1481 2816 Pastor,
1506 2720 1547 2795 ad

244 2839 360 2914 totius
386 2834 571 2914 Ecclesiae
600 2835 765 2937 regimen
791 2837 981 2937 tantopere
1007 2836 1160 2938 indiget:
1183 2838 1353 2939 spoliatio
1378 2839 1549 2914 1616116-

244 2979 373 3031 manae
400 2949 585 3030 Ecclesiae
610 2975 655 3027 ca
682 2951 874 3052 occupabit
899 2952 1008 3044 bona,
1030 2976 1125 3053 quae
1151 2952 1344 3055 plusquam
1372 2959 1549 3029 anostra-

243 3073 324 3144 tum
351 3066 620 3160 donationibus,
644 3067 690 3143 ab
718 3066 882 3142 omnium
908 3066 1168 3145 catholicorum
1196 3067 1369 3172 largitata
1388 3071 1551 3170 congesta

242 3183 456 3260 1116111161
483 3181 521 3258 11
548 3181 617 3258 hoc
644 3181 797 3258 unitatis
823 3185 948 3258 centro
990 3185 1205 3277 constituta;
1240 3189 1350 3284 atque
1386 3184 1548 3284 itaquae

242 3296 432 3376 Ecclesiae
459 3297 678 3374 universalis
706 3297 788 3373 usui
817 3300 854 3374 et
880 3296 1117 3374 incrementis
1144 3298 1294 3375 fuerant
1328 3299 1482 3393 addicta,
1515 3297 1547 3372 in

244 3419 501 3491 extraneorum
527 3412 670 3490 luorum
689 3413 799 3515 impie
817 3417 1089 3490 convertentur.
1113 3415 1191 3490 Vix
1208 3415 1332 3514 itaque
1350 3412 1543 3505 didicimus,

243 3530 399 3607 alterum
427 3555 447 3604 6
476 3529 666 3631 Subalpini
693 3530 867 3608 Gubernii
890 3530 1072 3607 ministris
1091 3529 1317 3632 significasse
1336 3529 1547 3632 Legislatiro

123 3649 128 3663 '
243 3644 374 3725 Coetui
402 3645 627 3747 propositum
653 3645 688 3722 ei
710 3645 921 3721 subiiciendi
939 3644 1058 3748 legem
1076 3645 1300 3738 huiusmodi;
1317 3649 1546 3721 monstrosam

201 3799 204 3806 ·
241 3760 322 3838 eius
349 3760 507 3838 indolem
534 3758 631 3836 illico
649 3759 873 3862 prodidimus
891 3785 955 3862 per
974 3760 1169 3863 epistolam
1187 3760 1244 3837 die
1266 3758 1313 3836 111
1331 3760 1430 3858 lunii
1447 3759 1545 3836 huius

241 3877 330 3953 anni
359 3874 417 3982 (l)
429 3877 552 3952 datam
562 3876 608 3953 ad
622 3874 854 3952 cardinalem
869 3877 1046 3952 Nostrum
1062 3874 1260 3954 aPublicis
1279 3871 1546 3979 Negociis,⁴ipsi-

240 4017 312 4094 que
338 3991 605 4086 mandavimus
629 3996 670 4068 ut
697 4017 832 4069 novum
860 3993 928 4068 hoc
954 3992 1156 4094 periculum
1183 3991 1298 4070 Nobis
1326 3991 1542 4094 impendens,

240 4109 350 4186 sicuti
376 4113 498 4186 cetera
525 4134 618 4210 quac
644 4108 820 4210 patimur,
844 4109 1033 4186 nuntiaret
1058 4107 1209 4210 Legatis
1236 4106 1331 4208 apud
1357 4105 1453 4184 hanc
1470 4105 1545 4182 San·

240 4229 337 4302 ctam
366 4225 493 4302 Sedena
521 4228 730 4300 exterorum
757 4223 988 4325 Principum.
1010 4225 1149 4302 Verum
1177 4247 1261 4300 cum
1279 4223 1467 4324 proposita
1482 4223 1545 4295 iam

239 4339 353 4416 fuerit
379 4339 601 4416 comminata
626 4339 699 4430 lex,
723 4339 839 4440 exigit
857 4340 1007 4416 omnino
1025 4363 1158 4415 munus
1177 4337 1415 4441 Apostolatus
1432 4330 1543 4413 Nostri

240 4458 283 4530 ut
310 4455 424 4530 editas
452 4459 560 4529 antea
587 4455 897 4556 expostulationes
917 4480 1038 4531 coram
1057 4454 1185 4546 Vobis,
1209 4453 1449 4530 Venerabiles
1467 4451 1544 4526 Fra·

240 4573 329 4660 tres,
354 4574 391 4643 et
417 4569 582 4645 Ecclesia
608 4570 781 4646 universa
808 4570 903 4646 elata
931 4595 1018 4647 voco
1044 4570 1235 4664 iteremus
1260 4567 1313 4645 nti
1342 4592 1469 4673 reapse
1500 4563 1542 4640 la·

293 4714 335 4803 (1)
354 4719 433 4776 Hono
451 4719 598 4790 epistolam
617 4721 702 4776 habes
721 4695 837 4816 rellatum
852 4737 921 4794 pay.
936 4723 962 4778 ³·

732 4832 746 4904 1
1510 4811 1519 4904 1
