3338 4962
622 303 808 356 strumosus.
1334 283 1371 358 ut

82 395 182 478 fastui
209 395 327 502 primo
355 423 402 476 ex
428 396 575 477 assidua
592 403 628 478 et
654 401 830 480 diuturna
855 400 1096 498 habitatione,
1122 403 1148 480 t.
1175 401 1206 484 2
1238 397 1280 481 C.
1311 405 1380 480 udi

84 529 266 606 imatores·
286 519 324 593 et
350 517 405 594 ita
430 516 666 594 decennalem
693 515 961 594 habitationem
980 519 1070 594 satis
1089 543 1170 595 esse
1188 519 1379 596 ueletiam

80 642 230 709 ruinorem
259 632 413 710 arbitrio
432 631 575 727 iudicis,
598 634 816 709 Menochius
834 633 879 708 de
898 634 1035 708 arbitr.
1058 659 1136 711 303.
1159 635 1217 711 84
1238 661 1277 710 0.
1303 635 1374 712 17.

80 750 216 828 Secundo
243 749 275 825 si
302 749 411 826 simul
435 773 518 826 cum
545 748 773 826 habitatione
798 749 1043 826 transferatur
1060 749 1176 828 maior
1203 753 1379 828 bonorum

80 891 158 966 pars,
175 864 395 967 praesertim
412 889 494 942 oum
512 865 844 958 familia313arb0sa
861 865 906 940 de
925 867 990 968 off.
1006 865 1118 968 Epis,
1136 894 1182 970 p.
1196 869 1240 949 2.
1260 870 1376 972 altep.

81 981 103 1054 t
124 1005 158 1055 3.
177 980 233 1059 27
263 979 399 1081 aliique
426 979 559 1082 plures,
584 980 616 1056 si
642 983 767 1056 tamen
795 978 886 1056 haec
913 982 1098 1058 contraria
1114 983 1383 1086 praesumptio-

81 1120 116 1171 ne
139 1119 206 1171 non
233 1095 487 1192 infirmentur,
512 1097 671 1173 Leuren.
695 1097 722 1172 l.
745 1123 778 1171 c.
811 1095 838 1170 t.
864 1095 887 1171 1
919 1121 955 1198 q.
977 1094 1067 1173 568
1087 1123 1126 1172 a.
1151 1097 1193 1174 4.

141 1213 275 1301 Quibus
302 1213 343 1290 in
370 1214 450 1290 inre
475 1211 620 1316 positis
643 1213 688 1288 ad
717 1211 856 1289 factum
883 1209 1088 1292 canonista
1123 1214 1375 1316 progrediens,

80 1328 318 1406 animadvertit
330 1329 603 1406 matrimonium
617 1353 663 1405 ex
681 1328 751 1404 hoo
769 1325 887 1430 capite
905 1326 1065 1404 validum
1079 1351 1159 1404 esse
1177 1328 1383 1406 habendum

81 1472 100 1519 s.
115 1467 213 1521 33333
236 1469 284 1520 ex
305 1443 365 1521 his
391 1445 508 1522 tribus
542 1441 807 1546 hypothesibus
827 1466 927 1536 ‚vera
945 1446 1054 1520 esset:
1090 1442 1124 1518 Ρ
1143 1445 1239 1546 quod
1260 1445 1383 1547 sponsi

81 1563 141 1638 sire
153 1559 325 1638 alteruter
338 1563 500 1663 tempore
513 1559 738 1636 matrimonii
753 1557 949 1634 habuerint
961 1559 1203 1637 domicilium
1221 1560 1279 1636 vel
1293 1586 1382 1663 qua-

81 1677 365 1754 siccatorium
390 1675 429 1753 in
455 1675 624 1779 paroecia
637 1699 668 1749 s.
690 1672 850 1750 Nioolai:
872 1673 930 1750 vel
949 1673 989 1752 2²·
1007 1676 1102 1776 quod
1122 1674 1328 1752 Fridericus
1347 1675 1384 1752 id

81 1793 233 1894 temporis
260 1795 356 1869 esset
381 1815 522 1895 oopus:
542 1789 601 1866 vel
630 1789 667 1866 3¹
695 1791 790 1920 quod
816 1790 1006 1866 Perochus
1024 1789 1085 1866 ille
1104 1791 1164 1866 del
1150 1793 1252 1894 ltepc
1255 1815 1382 1866 ionem

82 1908 286 1985 habuerit
256 1933 335 1984 sive
363 1933 385 1984 a
416 1908 583 1984 Parocho
609 1905 757 2010 proprio
786 1927 1005 2010 sponsorum
1032 1906 1109 1983 sive
1145 1908 1192 1984 ab
1226 1905 1378 1985 Ordina-

81 2023 124 2101 rio
145 2026 247 2102 iuxta
272 2025 336 2102 cit.
359 2024 460 2102 'ibid
481 2024 689 2103 Decretum.

144 2142 256 2242 Atqui
283 2139 421 2218 nullam
447 2165 495 2218 ex
521 2141 624 2218 hist
607 2140 725 2217 tribus
751 2079 1054 2242 hypothesibus
1044 2164 1084 2216 m
1109 2141 1274 2217 themate
1297 2139 1383 2216 sub·

83 2257 206 2336 sistere.
262 2297 266 2306 ·

146 2375 226 2451 Non
254 2369 452 2449 subsistere
479 2371 650 2474 primam:
672 2397 754 2452 cum
782 2397 907 2450 omnes
933 2375 1004 2449 test
989 2378 1046 2448 tes
1072 2370 1310 2465 affirmarent,
1283 2367 1383 2444 til-

84 2485 121 2562 lio
144 2489 352 2566 Caietauam
379 2512 453 2565 non
486 2487 659 2565 habuisse
695 2489 917 2567 domicilium
944 2487 1059 2566 ullum
1086 2512 1156 2565 nec
1191 2488 1383 2588 paternum

86 2627 141 2679 nec
164 2607 364 2680 maternum
392 2627 460 2680 nec
486 2603 704 2698 fraternum3
725 2605 790 2705 qui
817 2625 943 2680 omnes
969 2603 1213 2680 decesserant:
1235 2605 1273 2676 et
1291 2625 1379 2677 non·

87 2719 145 2794 nisi
168 2719 314 2796 rurandi
342 2743 455 2795 causa
482 2743 521 2795 se
548 2718 635 2796 illuc
663 2720 846 2796 interdum
873 2717 1084 2811 contulisse,
1106 2741 1180 2794 non
1199 2713 1384 2792 3330331-

89 2858 135 2909 mo
150 2834 327 2912 manendi.
348 2835 451 2911 Haec
467 2834 583 2912 multo
609 2835 728 2936 magis
754 2836 967 2936 repetebant
994 2834 1037 2910 de
1056 2833 1255 2910 Friderioo:
1291 2855 1384 2934 quae

89 2948 207 3046 quidem
234 2949 437 3028 Cononista
463 2949 585 3052 ampla
611 2950 921 3027 demonstratione
940 2938 1112 3026 ostendit.
1150 2970 1151 2974 ’

152 3067 227 3142 Νο3
244 3067 443 3143 subsistere
462 3066 658 3143 secundam
676 3065 921 3167 hypothesim,
947 3065 1042 3167 quod
1060 3062 1267 3142 Friderirus
1287 3065 1385 3138 esset

88 3205 197 3281 sagus:
213 3206 298 3257 nam
316 3206 339 3257 a
356 3185 514 3284 quatuor
531 3181 662 3258 saltem
682 3181 790 3257 annis
808 3181 847 3257 in
866 3183 954 3258 urbe
968 3181 1002 3258 N
1018 3182 1201 3258 moratum
1220 3203 1298 3254 esse
1317 3202 1380 3254 an-

89 3299 117 3370 te
132 3296 412 3374 matrimonium:
433 3296 662 3374 consensisse
689 3299 732 3373 ut
751 3297 930 3375 Caietano
956 3297 1105 3372 domum
1130 3295 1209 3371 eins
1237 3293 1380 3370 nomine

89 3411 295 3489 conduceret:
317 3412 413 3513 apud
440 3435 522 3488 eam
548 3416 738 3512 tamquam
766 3411 1014 3487 convictorem
1041 3411 1264 3486 diversatum
1284 3430 1379 3484 esse:

90 3549 157 3601 suas
180 3551 305 3630 operas
331 3526 507 3602 locavisse
526 3552 570 3603 ea
588 3526 627 3604 in
646 3528 735 3604 urbe
762 3527 802 3603 in
829 3525 1055 3628 lithographi
1073 3525 1233 3602 officina:
1257 3547 1385 3599 omnes

90 3643 183 3720 testes
207 3645 387 3746 deponere
414 3645 580 3745 tempore
607 3641 833 3720 matrimonii
880 3641 1103 3719 domicilium
1137 3640 1307 3716 habuisse
1344 3638 1385 3714 in

90 3759 235 3854 paroecia
261 3759 462 3840 Caietanae
489 3759 528 3833 in
554 3758 658 3835 ouius
684 3759 790 3835 domo
817 3757 954 3834 iamdiu
981 3757 1213 3834 convivebat.

153 3875 272 3977 Neque
300 3875 498 3951 subsistere
524 3875 673 3950 tertiam
700 3873 947 3976 hypothesim,
972 3899 1055 3949 cum
1082 3874 1125 3950 de
1157 3869 1384 3974 delegatione

90 3987 209 4067 nullum
234 4015 398 4092 unquam
417 3989 554 4067 factum
572 3989 683 4069 fuerit
709 3991 873 4084 verbum,
899 3989 954 4066 ita
971 3993 1026 4084 ut,
1045 3989 1171 4067 insciis
1197 3987 1379 4078 omnibns,

89 4105 344 4186 matrimonium
371 4107 411 4183 in
437 4105 602 4183 fraudem
629 4105 742 4182 fuerit
769 4104 1004 4183 celebrat-um.

154 4247 322 4306 Quassrro
349 4246 499 4300 usaria.
522 4223 622 4298 Haec
639 4223 750 4298 tertia
776 4221 940 4321 quaestio
967 4219 1170 4298 novitatem
1197 4225 1381 4321 quandam

92 4332 195 4414 hebet:
223 4342 260 4416 et
283 4338 365 4417 ideo
392 4336 567 4414 libentius
594 4361 789 4439 exponam.
811 4335 905 4412 Eam
926 4334 1114 4428 excitavit,
1139 4340 1181 4412 ut
1207 4337 1377 4432 uidimus,

92 4452 292 4531 matrimonii
318 4453 485 4531 defensor
511 4453 557 4529 ab
584 4450 777 4529 Ordinario
805 4453 1011 4552 deputatus,
1044 4449 1232 4526 affirmans
1252 4453 1382 4529 haere-

92 4562 167 4643 ticos
190 4593 211 4644 a
235 4567 446 4646 Tridentino
472 4570 628 4646 Decreto
655 4592 735 4644 esse
762 4571 948 4668 exemptos
976 4567 1013 4642 et
1047 4565 1117 4640 hoc
1147 4567 1380 4670 privilegium

94 4683 310 4787 exemptionis
337 4683 443 4762 alteri
469 4684 566 4792 parti
594 4682 794 4761 catholicae
822 4682 1105 4762 communicare.
