3238 4940
620 357 751 408 uacuare
1277 337 1334 410 iti

52 443 121 504 tores
138 441 315 520 adscriptus.
332 443 427 502 Immo
449 443 569 502 tantam
591 460 715 502 suorum
730 443 904 502 concivium
921 441 1184 504 existimationem
1200 443 1259 504 sibi
1274 464 1345 506 con·

51 541 153 598 ciliuuit
172 547 205 599 ut
226 541 292 599 eius
314 540 495 598 interventu
518 541 636 599 duabus
657 541 774 601 additis
795 542 985 617 Regiouibus
1013 541 1151 602 Societas
1178 543 1345 606 Helvetiae

52 639 151 700 loedere
170 643 261 699 aucta
282 641 315 698 et
336 638 520 698 confirmate
540 638 698 699 extiterit.
715 641 832 699 Verum
854 642 916 700 Deo
936 639 1089 700 intentius
1117 639 1274 699 serviendi
1296 658 1346 702 ae-

53 747 138 796 stuans
156 737 305 798 desiderio
327 738 461 796 terrenis
483 737 575 798 rebus
596 743 628 796 et
649 738 785 798 familiae
809 739 952 798 nuncium
976 739 1103 799 mittere
1125 738 1249 800 statuit.
1267 740 1348 806 Qua·

53 841 155 910 propter
175 853 207 894 re
229 839 351 896 mature
372 835 510 895 discussa
531 844 623 911 atquc
645 836 814 912 impetrato
835 837 944 896 uxoris
965 853 1038 896 suae
1059 853 1218 908 consensu,
1235 837 1347 898 maiori

53 941 110 990 nritu
129 935 207 993 inter
228 935 311 993 filius
332 934 378 993 rei
400 933 562 994 familiaris
583 953 690 994 euram
708 936 871 996 cornmisit.
887 936 1005 996 Deinde
1025 935 1276 1014 quinquagesimo
1297 954 1348 997 ae-

53 1031 111 1088 tatis
129 1049 201 1091 anno
223 1033 357 1092 noudum
375 1031 500 1108 expleto
522 1049 655 1107 superna
670 1032 789 1092 virtute
805 1033 998 1093 confortatus
1021 1033 1120 1109 primo
1135 1035 1172 1093 ad
1187 1032 1348 1094 Lieehstal

51 1147 75 1184 sc
92 1129 222 1200 contulit,
238 1129 348 1188 deiude
370 1129 401 1189 in
419 1129 539 1190 Vallem
561 1149 639 1206 quae
656 1131 764 1191 Raniit
779 1131 954 1206 appellatur
969 1131 1108 1204 secessit,
1125 1131 1228 1208 ibique
1243 1131 1347 1208 lignea

51 1233 172 1286 extructo
191 1226 307 1287 cellula
328 1229 403 1286 adeo
418 1233 550 1304 angusta
566 1233 601 1287 ut
615 1229 646 1286 in
661 1246 696 1288 ea
711 1233 900 1288 recensetus
916 1233 1000 1288 stare
1015 1234 1120 1306 posset
1140 1231 1345 1308 asperrimum

51 1325 118 1381 sitae
136 1341 227 1400 genus
248 1323 333 1382 iniit.
352 1325 509 1400 Siquidem
530 1325 638 1384 rudem
660 1325 794 1384 tunicam
818 1324 933 1397 induit,
950 1326 1039 1384 nudis
1058 1327 1184 1402 pedibus
1206 1331 1239 1385 et
1260 1327 1347 1386 dete·
1379 1379 1385 1392 ,

51 1430 89 1478 rto
106 1423 196 1498 capite
208 1423 358 1494 incessit,
375 1422 526 1482 ieiunium
548 1423 691 1482 servavit
711 1424 954 1496 severissimum,
971 1425 1096 1483 br'evem
1118 1441 1210 1500 super
1233 1425 1347 1482 nudum

51 1538 158 1578 asserem
180 1539 235 1596 per
257 1525 378 1580 noctem
399 1513 534 1597 q'uietem
551 1522 690 1598 sumpsit,
714 1522 850 1584 orationi
872 1523 1002 1598 aliisque
1024 1521 1172 1600 piissimis
1193 1522 1348 1582 exercita-

51 1619 163 1677 tionibus
182 1619 304 1680 assidue
326 1619 462 1678 vacavit.
484 1619 631 1680 Saxulam
655 1619 835 1696 frequenter
856 1620 1007 1697 pergebat
1028 1625 1064 1679 ut
1085 1637 1170 1682 sacro
1191 1619 1346 1690 adstaret,

50 1727 73 1774 ct
91 1719 121 1777 ad
135 1721 347 1780 poenitentiae
363 1724 395 1778 et
409 1721 623 1779 Eucharistiae
638 1721 840 1784 Sacramenta
854 1721 1026 1792 accederet3
1042 1721 1123 1798 quod
1138 1725 1246 1796 postea
1260 1737 1347 1797 prae·

50 1817 117 1874 stitit
136 1817 161 1874 in
184 1833 273 1876 sacra
294 1815 443 1876 Aedicula
463 1834 540 1892 quae
562 1833 655 1892 prope
676 1815 743 1874 eius
764 1815 907 1876 cellulam
929 1821 1035 1876 erecta
1049 1822 1107 1890 est,
1124 1817 1196 1893 quin
1218 1817 1247 1876 ei
1271 1833 1346 1892 opus

50 1923 113 1970 essct
133 1917 164 1971 ut
183 1930 321 1970 cremum
343 1911 511 1970 desereret.
529 1913 604 1972 Cum
626 1914 887 1990 septuagesimum
909 1914 1024 1974 aetatis
1044 1931 1158 1974 annom
1182 1914 1345 1990 attigisset

49 2009 72 2066 in
85 2011 174 2068 osculo
188 2009 310 2070 Domini
333 2014 439 2070 sancto
455 2009 513 2068 line
528 2010 649 2086 quievit
670 2029 749 2070 anno
764 2012 1071 2072 biCCOCLXXXVII
1092 2012 1195 2070 eodem
1218 2012 1282 2088 ipso
1296 2013 1346 2072 die

50 2107 138 2180 quoin
159 2107 258 2166 lucem
281 2107 452 2183 prodierat.
469 2107 545 2166 Post
566 2107 682 2168 obitum
706 2110 787 2168 sama
809 2109 989 2169 sanctitatis
1008 2109 1075 2169 eius
1095 2127 1173 2186 quaa
1187 2110 1247 2170 iam
1266 2110 1345 2186 apud

49 2219 131 2262 cnines
150 2205 309 2264 Helvetios
330 2205 511 2264 obtinuerat
532 2205 603 2263 dum
626 2205 769 2278 viveret,
791 2209 867 2265 adeo
896 2208 1031 2266 increvit
1058 2209 1269 2285 prodigiorum
1295 2226 1345 2268 ee·

49 2303 188 2377 lobritate,
213 2305 249 2362 ut
270 2302 373 2379 popuii
402 2303 438 2362 ad
461 2304 528 2360 eius
553 2303 704 2362 tumulum
727 2305 917 2364 confluentes
945 2306 1067 2381 publico
1087 2307 1235 2366 Eumdem
1258 2306 1344 2365 cultu

48 2403 297 2476 prosequerentur.
320 2401 363 2458 De
385 2399 560 2458 huiusmodi
582 2400 675 2460 Gultu
698 2401 864 2460 Sacrorum
887 2403 1015 2462 Rituum
1043 2404 1252 2482 congregatio
1273 2420 1345 2462 een-

48 2497 98 2552 suit
115 2501 252 2557 constare
275 2501 381 2573 utpote
404 2498 439 2556 de
461 2515 531 2556 casu
556 2502 683 2574 excepto
707 2517 760 2574 per
782 2500 955 2576 longissimi
978 2501 1127 2577 temporis
1148 2519 1272 2560 cursum
1294 2519 1346 2560 su-

48 2611 90 2666 per
108 2597 256 2673 bominum
280 2597 458 2656 memoriam
479 2613 518 2654 ex
539 2597 660 2656 actibus
683 2599 776 2656 etiam
804 2599 1023 2658 excedentibus
1051 2605 1164 2658 metam
1193 2617 1344 2658 annorum

48 2697 165 2767 rentum,
187 2713 222 2755 ac
244 2695 373 2770 proinde
394 2713 412 2754 a
434 2697 559 2754 Summo
585 2695 737 2756 Pontifice
759 2697 936 2757 Innocentio
957 2699 986 2756 X
1008 2715 1052 2758 sa.
1069 2711 1128 2756 me.
1144 2696 1345 2757 confirmatus

48 2795 85 2846 cst
102 2794 222 2852 Decreta
243 2792 306 2852 diei
327 2795 402 2853 XXI
421 2793 606 2854 Novembris
622 2796 693 2854 auni
709 2796 998 2856 MDCXXXXVIII.
1018 2799 1093 2858 (lum
1116 2799 1218 2858 numm
1234 2797 1343 2856 Sacro·

48 2905 101 2945 rum
119 2891 285 2949 Antistites
313 2895 346 2949 et
373 2884 532 2951 catholica
559 2891 775 2950 Helvetiorum
804 2893 943 2952 Societas
970 2913 989 2954 a
1017 2895 1072 2953 Pio
1098 2897 1141 2956 IX
1170 2898 1346 2970 nuncupata

49 3005 134 3061 preces
151 2993 256 3050 Eiriem
286 2990 488 3051 sanctissimo
510 2991 636 3050 Domino
657 2992 772 3051 Nostro
794 2993 994 3068 porrexerint
1022 2997 1057 3052 ut
1077 2993 1109 3052 in
1130 2994 1228 3054 Causa
1255 2995 1345 3054 Beati

48 3087 147 3148 Nicolai
167 3089 204 3148 ad
226 3089 381 3149 ulteriora
402 3089 639 3164 procederetur3
661 3091 820 3151 Sanctitas
841 3093 903 3152 Sua
923 3091 1122 3166 apostolicam
1145 3091 1347 3168 dispensatio-

49 3203 102 3242 nem
119 3186 266 3268 concessit
288 3186 337 3244 die
359 3188 417 3246 XII
438 3187 573 3263 Augusti
595 3187 668 3248 anni
689 3190 922 3250 MDOOOLXIX
943 3191 1131 3251 discutiendi
1152 3191 1286 3252 Dubium
1308 3192 1344 3250 da

48 3279 206 3342 Virtutibus
227 3283 316 3344 Beati
338 3283 462 3343 Nicolai
484 3285 520 3342 de
541 3284 619 3343 Flua
641 3285 774 3361 praefati
801 3289 967 3362 autequam
989 3305 1027 3346 ex
1048 3288 1191 3348 Decretis
1218 3289 1254 3348 ad
1281 3287 1346 3348 alia

48 3380 147 3450 procedi
170 3381 276 3440 valeat
297 3381 328 3438 in
350 3382 515 3441 Sacrorum
537 3381 667 3441 Rituum
689 3383 934 3458 congregatione
955 3384 1122 3444 Ordinaria
1150 3382 1216 3444 sine
1242 3388 1344 3444 tamen

48 3473 204 3537 interventu
228 3481 261 3536 et
282 3481 356 3536 voto
377 3477 616 3550 dormiturum,
638 3479 690 3537 sed
712 3477 811 3552 solum
833 3483 995 3540 reservata
1016 3480 1166 3542 facultate
1189 3483 1345 3542 Praelatis

49 3571 129 3632 ricus
147 3575 388 3652 congregationi
409 3575 446 3633 de
468 3593 553 3634 more
569 3575 851 3634 intervenientibus
872 3594 965 3652 super
985 3578 1089 3636 eodem
1104 3579 1202 3638 Dubio
1222 3587 1347 3639 senten·

50 3668 108 3726 tiam
128 3687 209 3730 suam
231 3672 401 3747 aperiendi.
425 3673 526 3738 Quare
555 3671 592 3730 ab
614 3669 689 3732 Eme
717 3675 750 3731 et
771 3669 850 3731 Rmo
878 3675 1006 3732 Domino
1034 3675 1198 3736 cardinale
1226 3677 1344 3738 Aloisio

50 3765 113 3824 liiiio
130 3771 241 3830 Causae
263 3771 399 3830 eiusdem
422 3771 569 3831 Relatore
590 3771 627 3829 ad
650 3770 840 3830 humillimas
854 3789 960 3848 preces
975 3777 1013 3834 R.
1024 3777 1060 3834 D.
1073 3775 1232 3834 Francisci
1249 3777 1343 3835 Virili

49 3861 213 3928 liissionarii
236 3869 408 3949 apostolici
429 3869 707 3945 eGongregatioue
729 3868 951 3929 Pretiosissimi
967 3871 1132 3948 Sanguinis
1145 3873 1267 3932 Domini
1281 3877 1346 3934 No·

50 3963 94 4018 ari
114 3965 173 4024 Iesu
193 3965 312 4026 enrisli
335 3969 367 4024 et
388 3967 502 4027 Causae
518 3963 726 4024 Postulatoris
748 3967 904 4041 proposito
920 3967 1058 4043 sequenti
1074 3967 1182 4028 Dubio:
1197 3970 1278 4028 «Aa
1294 3975 1343 4030 ita

39 4069 146 4146 'constet
163 4064 199 4123 dc
217 4063 382 4140 praedicti
401 4063 497 4123 Bruti
516 4063 643 4123 Nicolai
669 4063 848 4122 Virtutibus
868 4065 1107 4141 Theoiopolibua
1127 4075 1157 4126 et
1179 4065 1343 4128 Gordiou-

50 4157 114 4216 litus
136 4178 305 4240 eorumque
326 4164 465 4222 aduersis
486 4166 522 4222 in
543 4163 651 4239 produ
669 4164 793 4222 heroico
815 4165 851 4221 in
872 4181 947 4223 casu
975 4174 1011 4223 ot
1031 4167 1159 4239 procedi
1177 4170 1276 4241 possit
1298 4170 1341 4227 ud

50 4255 229 4318 setterr'orui»
249 4261 414 4335 eodemque
440 4259 538 4319 Dubio
560 4260 798 4336 diligentissime
819 4260 971 4332 discusso,
994 4258 1062 4320 ami
1083 4267 1116 4323 et
1137 4261 1208 4323 Rrini
1230 4265 1342 4326 Patres

50 4353 201 4416 t'nrdinaies
223 4358 389 4418 Sacrorum
412 4359 541 4418 Rituum
562 4359 804 4433 Congregationi
826 4359 994 4435 praepositi
1023 4360 1054 4417 in
1083 4362 1257 4424 Ordiuariis
1284 4368 1342 4428 Co-

51 4449 129 4509 mitiis
146 4455 316 4531 subscripta
338 4456 446 4516 dicad
468 4455 637 4516 Vaticanas
656 4457 757 4516 Aedes
779 4457 943 4515 coadunati
972 4469 1094 4517 mature
1123 4463 1280 4538 perpensis
1308 4468 1341 4524 et

51 4551 209 4612 examinatis
230 4553 369 4612 omnibus
397 4554 427 4613 in
450 4556 554 4612 eadem
576 4555 675 4614 Causa
696 4555 852 4627 deductis,
875 4555 1039 4631 auditoque
1062 4559 1100 4616 R.
1118 4559 1152 4617 D.
1170 4561 1340 4622 Laurentio

52 4643 150 4706 euirati
176 4652 306 4712 Sanctae
328 4652 416 4711 Fidei
439 4643 631 4711 Promotoris
658 4652 865 4725 Ouadiutore,
887 4654 1119 4744 rescribendum
1140 4665 1339 4718 censuerunt:

52 4739 236 4812 eirenae
258 4747 315 4810 uie
335 4749 468 4810 xxviii
490 4748 681 4826 Septembris
702 4750 774 4809 enni
796 4750 1053 4813 ninoocuxxrr.
