3338 4962
644 323 828 380 mmmoru.
1347 301 1388 378 11
1492 344 1496 358 -

92 433 197 512 mento
221 427 390 534 inceptae
417 452 584 530 novoque
610 427 816 505 iuramento
843 426 1031 505 absolutae
1059 419 1151 514 satis
1180 450 1260 504 esse
1287 426 1388 504 vide-

92 555 206 630 bantur
232 550 277 626 ad
304 546 507 650 praesentis
533 570 665 623 causae
692 543 923 625 solutionem.

155 671 207 747 Ita
231 691 363 768 reapse
390 667 585 741 senserunt
616 668 696 741 tum
727 663 836 740 iudex
862 663 926 764 qui
940 661 1127 766 delegatus
1145 663 1292 739 tantum
1314 663 1388 741 fue·

94 786 139 860 rai
161 784 203 860 ad
229 780 515 860 construendum
542 777 876 880 conficiendumque
903 801 1123 879 processum,
1156 780 1235 853 tum
1264 779 1387 855 matri-

96 898 187 974 monii
214 897 398 987 defensor,
443 898 524 971 tum
549 895 712 996 partium
749 897 977 995 procurator.
1022 891 1077 968 Eo
1117 891 1249 995 magis
1296 893 1391 995 quod

94 1013 262 1091 Parcchus
290 1037 321 1088 s.
343 1009 487 1090 Nicolai
505 1010 674 1086 elamita
700 1009 899 1088 Caietanae
926 1034 947 1086 e
973 1010 1052 1084 vita
1078 1009 1328 1110 migraverant
1354 1012 1391 1085 et

95 1153 171 1206 unus
196 1128 358 1221 testium,
390 1125 454 1232 qui
471 1125 713 1202 ,matrimonio
727 1125 930 1218 adstiterat,
953 1149 973 1201 e
989 1148 1055 1201 sua
1073 1122 1298 1200 habitatione
1316 1124 1391 1201 dis·
1486 1145 1489 1150 “

96 1247 243 1339 cesserat,
276 1244 368 1346 quin
395 1242 553 1320 sciretur
578 1242 642 1319 ubi
668 1244 886 1320 moraretur.

158 1360 276 1447 Quare
302 1359 466 1435 instante
493 1358 689 1460 coniugum
716 1359 963 1458 procuratore,
995 1355 1054 1432 die
1086 1353 1134 1432 19
1171 1353 1391 1432 Novembris

98 1473 180 1551 1169
206 1474 405 1577 publicatio
431 1497 622 1576 processus
649 1475 695 1550 ab
721 1472 916 1551 Ordinario
945 1471 1164 1566 decernitur,
1197 1470 1308 1547 iudex
1345 1471 1392 1546 ad

95 1615 220 1668 causam
248 1590 537 1693 cognoscendam
566 1594 603 1666 et
629 1588 859 1667 iudicandam
887 1587 1088 1688 delegatur,
1119 1590 1158 1662 et
1196 1589 1276 1663 tum
1303 1585 1391 1663 vali·

95 1705 198 1781 ditatis
224 1705 447 1782 matrimonii
474 1705 667 1799 defensori,
699 1709 778 1780 tum
820 1703 1017 1804 coniugum
1057 1701 1252 1794 causidicO,
1300 1725 1392 1802 quos

94 1819 175 1896 inter
208 1820 253 1897 lis
288 1820 409 1898 fuerat
435 1823 655 1908 contestata,
676 1819 896 1922 iniungitur,
920 1823 962 1896 ut
979 1818 1036 1894 die
1053 1814 1078 1894 7
1097 1817 1260 1896 Ianuarii
1291 1813 1393 1892 1810

95 1937 294 2020 adcausam
321 1936 586 2012 discutiendam
613 1936 851 2012 convenirent
877 1939 915 2012 et
942 1932 1194 2011 conclusiones
1239 1931 1325 2009 facti
1354 1936 1392 2009 et

95 2047 171 2124 iuris
196 2051 290 2151 apud
318 2053 401 2124 acta
425 2049 654 2126 exhiberent.

159 2165 250 2241 Huic
276 2165 419 2241 decreto
433 2163 606 2240 obediunt
622 2169 757 2267 partes,
782 2167 893 2265 atque
919 2165 966 2240 nd
992 2163 1159 2240 tramites
1173 2163 1236 2241 cit.
1259 2160 1387 2241 Consi.

95 2277 155 2354 llei
178 2284 435 2364 miseratione,
464 2278 663 2356 validitatis
690 2279 911 2358 matrimonii
938 2280 1106 2357 defensor
1146 2282 1244 2357 inter
1271 2285 1393 2358 cetera

96 2395 351 2472 animadvertit:
380 2393 609 2471 Fridericum
641 2399 767 2498 utpote
806 2396 1031 2474 haereticum
1073 2396 1278 2473 subiectum
1318 2420 1394 2472 ncn

97 2537 160 2585 esse
183 2509 253 2613 legi
280 2509 466 2588 Ecclesiae
493 2511 534 2594 in,
550 2511 748 2588 catholicos
765 2516 912 2589 tantum
938 2512 1051 2605 latae,
1083 2510 1201 2613 qualis
1227 2528 1272 2587 ea
1298 2513 1394 2587 esset

98 2650 176 2725 quae
202 2627 300 2703 iubet
327 2627 581 2703 celebrandum
609 2652 687 2703 esse
706 2627 981 2704 matrimonium
1000 2650 1124 2703 coram
1142 2625 1291 2730 proprio
1318 2628 1394 2703 Pa-

97 2741 205 2819 rochn.
233 2744 361 2843 Neque
388 2745 533 2820 oltstare
560 2765 673 2819 unam
698 2747 841 2845 partem
868 2743 1146 2820 contrahentem
1165 2767 1246 2820 esse
1273 2743 1394 2818 catho-

99 2853 203 2950 licam3
232 2857 420 2959 inquiebat
447 2859 558 2950 enim,
603 2858 829 2935 Fridericum
871 2859 956 2936 huic
991 2858 1091 2960 parti
1128 2858 1395 2934 communicare

98 2969 312 3074 privilegium
332 2971 576 3074 exemptionis
596 2972 846 3049 aTridentina
860 2973 952 3075 lege,
972 2999 1043 3074 quo
1059 2973 1120 3050 ille
1138 2972 1323 3049 frueretur
1337 2971 1396 3048 vel

100 3092 228 3162 ratione
253 3088 327 3162 loci
356 3093 399 3162 irc
424 3113 498 3188 quo
540 3089 699 3172 11011101,
741 3089 975 3164 1011111010
1020 3093 1210 3166 societatis
1251 3095 1292 3161 11
1320 3115 1396 3190 quc

100 3203 188 3285 11011,
215 3199 409 3278 Benedici.
441 3200 552 3278 XIV.
586 3202 625 3276 in
652 3228 760 3304 opere
778 3203 822 3278 dc
849 3204 994 3303 synodo
1021 3205 1135 3279 dioec.
1156 3204 1182 3278 1.
1202 3205 1244 3278 6.
1281 3230 1312 3278 c.
1349 3204 1392 3278 6.

101 3337 132 3387 c.
150 3315 526 3417 12:11tramquever0
545 3319 725 3394 rationem
744 3318 788 3393 ad
815 3321 1043 3419 praesentem
1058 3325 1192 3395 casum'
1204 3317 1397 3393 collineare

100 3425 193 3505 immo
217 3457 304 3508 vero
332 3432 559 3510 corroborari
586 3433 890 3510 declarationibus
920 3433 1108 3510 Benedicti
1126 3433 1217 3510 XIV
1242 3433 1397 3534 3Apri-

101 3538 137 3616 lis
163 3543 257 3624 1752
284 3548 328 3623 de
346 3547 535 3624 validitate
554 3549 870 3626 matrimoniorum
889 3548 1157 3626 Helvetiorum.
1179 3550 1308 3649 Neque
1333 3551 1398 3626 ob-

102 3661 181 3737 stuc
198 3661 420 3740 Fridericum
439 3664 710 3740 matrimonium
729 3666 767 3740 in
786 3663 893 3742 ltalia
907 3665 1133 3741 contraxisse
1160 3665 1199 3741 in
1223 3690 1295 3766 qua
1314 3663 1398 3742 Tri-

102 3770 229 3853 dentina
254 3778 314 3855 lex
342 3778 414 3854 fuit
439 3778 509 3854 rite
537 3780 781 3882 promulgata,
815 3805 897 3857 cum
924 3781 1036 3858 etiam
1061 3781 1147 3857 alibi
1171 3780 1396 3857 clandestina

102 3889 314 3970 matrimonia
341 3893 610 3971 haereticorum
637 3895 798 3989 valeant,
822 3897 885 3971 ubi
913 3891 1170 3972 Tridentinum
1197 3897 1395 3972 Decretum

108 3999 627 4111 111111111111101111111111
659 4010 808 4111 insuper
836 4011 874 4088 S.
896 4009 1395 4113 Congregationechncilii

103 4115 278 4198 declarasse
304 4125 362 4200 die
393 4123 440 4199 16
468 4125 596 4203 Martii
628 4122 728 4200 1780
755 4127 1061 4211 dissimulandum
1088 4153 1168 4203 esse
1197 4126 1293 4202 circa
1321 4151 1395 4202 ma·

104 4232 336 4318 trimouiorum
381 4241 591 4317 firmitatem
632 4265 725 4342 quae
752 4241 915 4318 interce
942 4243 1131 4319 haeretici·
1158 4241 1389 4335 contrahant,

106 4367 194 4443 quam
219 4354 545 4432 dissimulationem
573 4358 724 4432 tacitam
752 4357 972 4434 secumferre
1007 4358 1326 4459 adprobationem,
1358 4363 1397 4433 et

108 4470 338 4546 communicari
369 4471 452 4547 inde
481 4471 716 4574 privilegium
744 4497 825 4546 cum
851 4477 956 4573 parte
988 4472 1182 4550 catholica.
1201 4472 1283 4557 ,His
1311 4497 1397 4548 cun-

109 4579 229 4660 ortae
256 4587 376 4665 aiebat
403 4587 667 4668 declarationes
681 4591 718 4664 et
745 4586 1011 4666 instructiones
1039 4583 1100 4666 Pii
1116 4589 1203 4669 Vlll
1244 4590 1282 4666 et
1310 4588 1394 4668 Gre-
