3338 4962
589 359 742 422 errorum
765 359 880 420 cissis.
1354 341 1397 418 73

94 445 187 556 cipit,
221 443 332 538 Quod
357 458 550 556 repensis,
579 454 652 531 diei
680 453 726 532 21
761 454 923 557 Augusti
956 445 1071 547 1748,
1102 474 1175 555 qua
1193 446 1398 557 Hispania·

93 593 161 644 rum
184 572 221 644 et
246 565 498 668 Portngalliae
517 569 773 648 Sacerdotibus
799 570 875 645 tres
891 569 1028 646 Missas
1055 568 1113 644 die
1140 569 1307 645 omnium
1334 571 1397 646 de·

94 683 284 760 functorum
310 682 495 762 celebrare
523 685 719 762 concessit.

159 798 250 876 Sane
276 798 317 876 in
343 824 389 878 ea
414 799 688 880 Constitutione
714 801 754 899 ἓ.
790 799 916 885 Quom
942 825 1047 885 vero,
1082 801 1262 876 memorat
1296 800 1398 877 Pon-

93 911 182 1002 tifex,
212 913 373 992 studium
400 915 670 1018 impensissime
698 941 720 992 a
746 941 785 991 se
813 915 1018 992 adhibitum
1047 939 1192 1016 semper
1211 913 1338 1010 fuisse,
1357 919 1399 992 11
1487 987 1490 995 1

94 1027 369 1107 acclebratione
395 1032 535 1110 Missae
561 1032 681 1108 omnis
709 1031 889 1116 avaritiae
925 1030 1064 1132 species
1096 1032 1288 1132 omnisque
1324 1056 1398 1108 sor-

93 1141 156 1220 didi
179 1141 269 1221 lucri
297 1147 480 1248 captandi·
495 1149 709 1249 praetextus
736 1150 935 1222 arceretur.
966 1145 1127 1224 Subinde
1160 1147 1199 1244 §.
1246 1146 1292 1224 Ut
1327 1173 1399 1222 ou

95 1267 168 1342 teu,
196 1258 332 1336 diserte
354 1265 491 1356 monet,
523 1285 615 1356 sese,
647 1263 733 1338 dum
760 1258 973 1338 facultatem
1000 1261 1212 1337 memoratis
1239 1263 1400 1362 Presby-

94 1372 168 1448 teris
192 1375 388 1454 secundam
406 1402 449 1454 ac
475 1378 625 1454 tertiam
651 1378 807 1455 Missam
839 1375 898 1453 die
938 1376 1102 1452 omnium
1143 1375 1399 1453 defunctorum

95 1485 279 1566 celebrandi
307 1489 472 1586 indulsit,
496 1492 667 1569 nonalia
694 1492 738 1568 de
765 1515 878 1567 causa
910 1490 1197 1591 prohibitionem
1225 1492 1399 1593 stipendii

95 1601 276 1704 recipiendi
303 1605 492 1702 adiecisse,
525 1607 599 1684 nisi
626 1609 722 1710 quod
749 1609 788 1684 et
814 1606 895 1708 ipsa
921 1605 1090 1683 Ecclesia
1117 1607 1232 1682 veteri
1259 1610 1401 1708 tempo-

95 1739 127 1790 re
149 1716 356 1797 facultatem
383 1720 589 1800 celebrandi
616 1722 737 1824 plures
765 1745 839 1812 uno
866 1722 926 1796 die
954 1722 1091 1798 Missas
1118 1722 1332 1816 coarctavit,
1356 1733 1400 1798 ut

96 1839 264 1912 auaritiae
291 1845 326 1912 01
352 1837 520 1914 sordidis
546 1837 764 1940 quaestibus
790 1838 988 1913 tolleretur
1005 1842 1166 1922 occasio,
1186 1837 1400 1913 0010011001

95 1947 382 2026 oblocutionibus
401 1953 601 2029 silentium
629 1958 903 2053 imponeretur.

158 2063 214 2142 Ex
238 2065 311 2142 hac
337 2066 462 2168 itaque
489 2067 761 2146 Constitutione
780 2066 981 2160 dicebatur,
1007 2065 1046 2144 S.
1065 2063 1398 2167 Congregationem

94 2179 241 2282 regulam
268 2181 312 2260 de
338 2182 521 2286 stipendio
549 2208 615 2286 pro
642 2182 802 2260 secunda
828 2180 948 2257 Missa
977 2183 1134 2258 vetando
1146 2183 1308 2258 -fortasse
1323 2204 1399 2258 mu·

94 2297 218 2372 luctam
244 2321 338 2375 esse.

160 2411 287 2490 Posita
312 2416 438 2491 antem
465 2415 536 2492 hac
562 2414 654 2516 legis
680 2411 912 2516 prohibentis
939 2411 1100 2506 ratione,
1142 2411 1279 2490 iterum
1318 2435 1399 2490 con-

96 2535 275 2613 sideratum
303 2541 380 2632 est,
413 2540 501 2641 quid
528 2540 567 2616 in
595 2543 722 2616 nostra
750 2539 965 2640 quaestione
992 2560 1058 2641 pro
1084 2537 1308 2615 affirmativa
1322 2561 1399 2613 sen·

96 2650 208 2746 tentia,
239 2651 327 2752 quid
354 2677 421 2754 pro
447 2654 625 2756 negativa
651 2653 843 2730 militaret.

161 2766 232 2842 Pro
258 2766 482 2846 affirmativa
508 2770 693 2846 sententia
716 2770 837 2846 visum
866 2773 923 2846 est
949 2768 1121 2864 militare,
1168 2769 1266 2869 quod
1305 2764 1401 2868 peri-

97 2880 201 2957 culum
227 2881 437 2962 huiusmodi
463 2887 599 2963 sordidi
626 2889 801 2987 quaestus
822 2888 859 2961 et
877 2883 1108 2986 popularium
1127 2882 1398 2960 oblocutionum

97 2995 229 3075 incasu
256 2998 384 3100 procul
411 3006 520 3092 esset;
549 3005 630 3076 tum
655 3002 753 3102 quod
780 3006 953 3102 ageretur
979 3000 1023 3075 de
1049 3023 1200 3101 requae
1216 3023 1299 3076 raro
1318 3023 1401 3076 oon·

98 3113 250 3216 tingeret‚
284 3115 322 3192 id
350 3121 408 3193 est
434 3119 578 3219 quoties
606 3115 741 3218 aliquis
767 3140 787 3191 e
816 3115 1073 3194 Sacerdotibus
1100 3116 1217 3192 Pacto
1230 3116 1401 3192 Mariano

98 3229 274 3333 adscriptis
301 3257 323 3308 e
349 3232 428 3308 vita
454 3234 658 3335 migraret3
690 3235 769 3307 tum
797 3231 892 3333 quod
920 3237 1092 3332 ageretur
1123 3232 1167 3306 de
1194 3235 1279 3307 actu
1299 3255 1396 3306 mere

98 3340 236 3441 interno,
258 3347 335 3449 qui,
359 3347 459 3425 nullo
477 3349 596 3426 soluto
614 3347 809 3450 stipendi0,
833 3347 959 3450 populi
987 3346 1229 3422 attentionem
1258 3343 1401 3446 fugeret

99 3463 150 3534 aut
172 3461 425 3541 offendiculum
452 3485 527 3542 non
553 3467 712 3566 pareret.
744 3461 839 3541 (lum
875 3464 1001 3563 itaque
1038 3461 1138 3537 ratio
1174 3460 1266 3562 legis
1302 3487 1401 3537 exu-

99 3571 162 3652 lare
183 3579 381 3674 videretur,
411 3606 530 3683 neque
556 3579 775 3683 applicanda
800 3579 882 3678 ipsa
901 3579 960 3655 lex
979 3583 1089 3670 esset;
1110 3601 1154 3653 eo
1180 3578 1299 3679 magis
1313 3577 1402 3679 quia

103 3805 244 3888 tationis

163 3927 231 4004 Pro
256 3927 431 4030 negativa
457 3931 581 4005 autem
607 3923 791 4004 sententia
818 3923 1112 4002 animadversum
1136 3927 1214 4016 est,
1239 3925 1400 3999 mentem

104 4037 134 4114 S.
158 4040 476 4147 congregationis,
507 4069 602 4147 quae
637 4043 837 4120 maximam
864 4043 904 4118 in
940 4043 1010 4119 hac
1047 4040 1295 4141 prohibitione
1336 4037 1400 4114 im·

104 4159 248 4249 ponenda
274 4159 499 4262 gravitatem
526 4163 563 4235 et
589 4157 818 4259 diligentiam
846 4154 1081 4258 interposuit,
1114 4154 1154 4231 in
1173 4152 1399 4229 contrariam

106 4265 233 4350 tortasse
261 4273 472 4377 opinionem
499 4275 686 4350 inducere.
729 4273 772 4349 In
799 4270 878 4372 lege
905 4271 1006 4347 enim
1034 4269 1251 4372 applicanda
1284 4279 1400 4343 attru-

107 4380 174 4460 1111
196 4401 335 4492 oportet
362 4391 414 4466 ad
430 4390 695 4494 principalem
723 4393 974 4462 intentionem
1000 4387 1253 4486 disponentia·
1292 4383 1401 4460 Reii-

105 4493 189 4580 11101.
217 4533 275 4610 op.
307 4531 407 4584 mor.
438 4517 548 4582 tract.
583 4504 655 4590 13,
684 4503 729 4579 de
756 4527 856 4578 oeus.
888 4510 946 4576 111.
968 4501 1011 4580 2.
1029 4527 1065 4601 q.
1085 4501 1126 4576 4.
1146 4526 1186 4574 u.
1204 4499 1279 4574 67:
1301 4495 1399 4600 prin·

103 4613 230 4716 cipnlem
257 4623 383 4698 autem
411 4621 450 4698 S.
480 4615 788 4722 Congregationis
814 4615 1054 4691 intentionem
1081 4639 1173 4706 esse,
1197 4620 1238 4689 11
1257 4611 1398 4714 prospi-

102 4729 198 4810 ciatur
222 4737 346 4816 notius
374 4733 586 4840 disciplinae
614 4731 879 4810 ecclesiasticae
918 4730 1052 4826 robori,
1084 4753 1195 4834 quam
1224 4728 1398 4808 Sacerdo-

106 4875 163 4916 .„r.
188 4853 352 4916 .-„.i.ral.i.
647 4877 650 4886 ’
