<?xml version="1.0" encoding="UTF-8"?>
<!DOCTYPE html PUBLIC "-//W3C//DTD XHTML 1.0 Transitional//EN"
    "http://www.w3.org/TR/xhtml1/DTD/xhtml1-transitional.dtd">
<html xmlns="http://www.w3.org/1999/xhtml" xml:lang="en" lang="en">
 <head>
  <title>
</title>
<meta http-equiv="Content-Type" content="text/html;charset=utf-8" />
  <meta name='ocr-system' content='tesseract 3.04.00' />
  <meta name='ocr-capabilities' content='ocr_page ocr_carea ocr_par ocr_line ocrx_word'/>
</head>
<body>
  <div class='ocr_page' id='page_1' title='image "actasanctaesedi04popegoog_0172.png"; bbox 0 0 3238 4940; ppageno 0'>
   <div class='ocr_carea' id='block_1_1' title="bbox 647 301 793 362">
    <p class='ocr_par' dir='ltr' id='par_1_1' title="bbox 647 301 793 362">
     <span class='ocr_line' id='line_1_1' title="bbox 647 301 793 362; baseline 0 -4"><span class='ocrx_word' id='word_1_1' title='bbox 647 301 793 362; x_wconf 78' lang='lat' dir='ltr'>euoenon.</span> 
     </span>
    </p>
   </div>
   <div class='ocr_carea' id='block_1_2' title="bbox 75 403 1385 2260">
    <p class='ocr_par' dir='ltr' id='par_1_2' title="bbox 29 403 1385 1209">
     <span class='ocr_line' id='line_1_2' title="bbox 146 403 1382 490; baseline 0.003 -4"><span class='ocrx_word' id='word_1_2' title='bbox 146 403 237 486; x_wconf 82' lang='lat' dir='ltr'>Idem</span> <span class='ocrx_word' id='word_1_3' title='bbox 265 407 379 486; x_wconf 77' lang='lat' dir='ltr'>sentit</span> <span class='ocrx_word' id='word_1_4' title='bbox 406 407 684 488; x_wconf 87' lang='lat' dir='ltr'>Scarfantonius</span> <span class='ocrx_word' id='word_1_5' title='bbox 704 423 794 488; x_wconf 83' lang='lat' dir='ltr'>tom.</span> <span class='ocrx_word' id='word_1_6' title='bbox 819 410 861 488; x_wconf 88' lang='lat'>3.</span> <span class='ocrx_word' id='word_1_7' title='bbox 884 413 1004 489; x_wconf 79' lang='lat' dir='ltr'>addit.</span> <span class='ocrx_word' id='word_1_8' title='bbox 1029 411 1087 488; x_wconf 77' lang='lat'>48</span> <span class='ocrx_word' id='word_1_9' title='bbox 1106 436 1146 488; x_wconf 81' lang='lat' dir='ltr'>a.</span> <span class='ocrx_word' id='word_1_10' title='bbox 1172 411 1227 490; x_wconf 80' lang='lat'>91</span> <span class='ocrx_word' id='word_1_11' title='bbox 1258 413 1301 490; x_wconf 89' lang='lat' dir='ltr'>de</span> <span class='ocrx_word' id='word_1_12' title='bbox 1329 413 1382 490; x_wconf 94' lang='lat' dir='ltr'>f-</span> 
     </span>
     <span class='ocr_line' id='line_1_3' title="bbox 83 525 1379 631; baseline 0.002 -31"><span class='ocrx_word' id='word_1_13' title='bbox 83 525 165 601; x_wconf 87' lang='lat' dir='ltr'>mina</span> <span class='ocrx_word' id='word_1_14' title='bbox 189 548 303 627; x_wconf 86' lang='lat' dir='ltr'>agens</span> <span class='ocrx_word' id='word_1_15' title='bbox 331 527 376 602; x_wconf 91' lang='lat' dir='ltr'>ad</span> <span class='ocrx_word' id='word_1_16' title='bbox 402 525 518 621; x_wconf 86' lang='lat' dir='ltr'>vitam</span> <span class='ocrx_word' id='word_1_17' title='bbox 544 525 584 603; x_wconf 91' lang='lat' dir='ltr'>in</span> <span class='ocrx_word' id='word_1_18' title='bbox 610 528 834 604; x_wconf 90' lang='lat' dir='ltr'>monasterio</span> <span class='ocrx_word' id='word_1_19' title='bbox 862 526 1057 621; x_wconf 85' lang='lat' dir='ltr'>collocata3</span> <span class='ocrx_word' id='word_1_20' title='bbox 1092 529 1239 631; x_wconf 77' lang='lat' dir='ltr'><strong>scripsit</strong></span> <span class='ocrx_word' id='word_1_21' title='bbox 1266 529 1379 607; x_wconf 89' lang='lat' dir='ltr'>enim:</span> 
     </span>
     <span class='ocr_line' id='line_1_4' title="bbox 86 643 1383 748; baseline 0.002 -28"><span class='ocrx_word' id='word_1_22' title='bbox 86 645 217 735; x_wconf 85' lang='lat' dir='ltr'>‹Haec,</span> <span class='ocrx_word' id='word_1_23' title='bbox 240 643 329 744; x_wconf 88' lang='lat' dir='ltr'>quia</span> <span class='ocrx_word' id='word_1_24' title='bbox 355 647 476 745; x_wconf 87' lang='lat' dir='ltr'>potest</span> <span class='ocrx_word' id='word_1_25' title='bbox 501 643 638 746; x_wconf 79' lang='lat' dir='ltr'>eligere</span> <span class='ocrx_word' id='word_1_26' title='bbox 665 643 903 747; x_wconf 79' lang='lat' dir='ltr'>sepulturam,</span> <span class='ocrx_word' id='word_1_27' title='bbox 932 644 963 719; x_wconf 88' lang='lat' dir='ltr'>si</span> <span class='ocrx_word' id='word_1_28' title='bbox 990 643 1077 722; x_wconf 91' lang='lat' dir='ltr'>alibi</span> <span class='ocrx_word' id='word_1_29' title='bbox 1101 643 1149 720; x_wconf 89' lang='lat' dir='ltr'>sit</span> <span class='ocrx_word' id='word_1_30' title='bbox 1175 645 1383 748; x_wconf 87' lang='lat' dir='ltr'>sepelienda</span> 
     </span>
     <span class='ocr_line' id='line_1_5' title="bbox 85 758 1383 862; baseline 0.002 -30"><span class='ocrx_word' id='word_1_31' title='bbox 85 759 323 836; x_wconf 76' lang='lat' dir='ltr'>»associanda</span> <span class='ocrx_word' id='word_1_32' title='bbox 348 765 405 836; x_wconf 90' lang='lat' dir='ltr'>est</span> <span class='ocrx_word' id='word_1_33' title='bbox 432 786 455 837; x_wconf 91' lang='lat' dir='ltr'>a</span> <span class='ocrx_word' id='word_1_34' title='bbox 495 758 728 840; x_wconf 68' lang='lat' dir='ltr'>confessario</span> <span class='ocrx_word' id='word_1_35' title='bbox 757 760 970 836; x_wconf 87' lang='lat' dir='ltr'>monasterii</span> <span class='ocrx_word' id='word_1_36' title='bbox 1007 760 1113 862; x_wconf 89' lang='lat' dir='ltr'>eique</span> <span class='ocrx_word' id='word_1_37' title='bbox 1140 762 1318 837; x_wconf 79' lang='lat' dir='ltr'>debentur</span> <span class='ocrx_word' id='word_1_38' title='bbox 1345 765 1383 837; x_wconf 90' lang='lat' dir='ltr'>et</span> 
     </span>
     <span class='ocr_line' id='line_1_6' title="bbox 85 875 1383 978; baseline 0.004 -31"><span class='ocrx_word' id='word_1_39' title='bbox 85 881 238 976; x_wconf 83' lang='lat' dir='ltr'>»quarta</span> <span class='ocrx_word' id='word_1_40' title='bbox 265 875 406 953; x_wconf 91' lang='lat' dir='ltr'>funeris</span> <span class='ocrx_word' id='word_1_41' title='bbox 434 880 472 952; x_wconf 89' lang='lat' dir='ltr'>et</span> <span class='ocrx_word' id='word_1_42' title='bbox 498 876 573 954; x_wconf 87' lang='lat' dir='ltr'>alia</span> <span class='ocrx_word' id='word_1_43' title='bbox 606 878 690 954; x_wconf 86' lang='lat' dir='ltr'>iura</span> <span class='ocrx_word' id='word_1_44' title='bbox 715 876 968 978; x_wconf 88' lang='lat' dir='ltr'>parochialia,</span> <span class='ocrx_word' id='word_1_45' title='bbox 1005 901 1051 952; x_wconf 86' lang='lat' dir='ltr'>ex</span> <span class='ocrx_word' id='word_1_46' title='bbox 1090 875 1160 952; x_wconf 91' lang='lat' dir='ltr'>hac</span> <span class='ocrx_word' id='word_1_47' title='bbox 1187 876 1296 954; x_wconf 90' lang='lat' dir='ltr'>unica</span> <span class='ocrx_word' id='word_1_48' title='bbox 1324 901 1383 952; x_wconf 85' lang='lat' dir='ltr'>ra-</span> 
     </span>
     <span class='ocr_line' id='line_1_7' title="bbox 84 991 1385 1095; baseline 0.004 -31"><span class='ocrx_word' id='word_1_49' title='bbox 84 995 206 1069; x_wconf 84' lang='lat' dir='ltr'>›tione</span> <span class='ocrx_word' id='word_1_50' title='bbox 233 993 322 1095; x_wconf 89' lang='lat' dir='ltr'>quia</span> <span class='ocrx_word' id='word_1_51' title='bbox 349 992 435 1069; x_wconf 88' lang='lat' dir='ltr'>talis</span> <span class='ocrx_word' id='word_1_52' title='bbox 462 992 595 1070; x_wconf 92' lang='lat' dir='ltr'>mulier</span> <span class='ocrx_word' id='word_1_53' title='bbox 612 991 744 1069; x_wconf 88' lang='lat' dir='ltr'>effecta</span> <span class='ocrx_word' id='word_1_54' title='bbox 769 996 825 1069; x_wconf 87' lang='lat' dir='ltr'>est</span> <span class='ocrx_word' id='word_1_55' title='bbox 851 994 894 1069; x_wconf 91' lang='lat' dir='ltr'>de</span> <span class='ocrx_word' id='word_1_56' title='bbox 913 991 1042 1070; x_wconf 85' lang='lat' dir='ltr'>ovibus</span> <span class='ocrx_word' id='word_1_57' title='bbox 1077 992 1315 1086; x_wconf 83' lang='lat' dir='ltr'>Confessarii,</span> <span class='ocrx_word' id='word_1_58' title='bbox 1347 995 1385 1069; x_wconf 87' lang='lat' dir='ltr'>et</span> 
     </span>
     <span class='ocr_line' id='line_1_8' title="bbox 82 1109 986 1209; baseline 0 -29"><span class='ocrx_word' id='word_1_59' title='bbox 82 1110 154 1184; x_wconf 77' lang='lat' dir='ltr'>»ab</span> <span class='ocrx_word' id='word_1_60' title='bbox 179 1133 221 1186; x_wconf 90' lang='lat' dir='ltr'>eo</span> <span class='ocrx_word' id='word_1_61' title='bbox 250 1109 388 1209; x_wconf 86' lang='lat' dir='ltr'>recepit</span> <span class='ocrx_word' id='word_1_62' title='bbox 415 1112 654 1194; x_wconf 80' lang='lat' dir='ltr'>sacramenta¹</span> <span class='ocrx_word' id='word_1_63' title='bbox 672 1109 758 1185; x_wconf 91' lang='lat' dir='ltr'>dum</span> <span class='ocrx_word' id='word_1_64' title='bbox 785 1109 940 1184; x_wconf 88' lang='lat' dir='ltr'>viveret.</span> <span class='ocrx_word' id='word_1_65' title='bbox 968 1137 986 1180; x_wconf 87' lang='lat'>›</span> 
     </span>
    </p>

    <p class='ocr_par' dir='ltr' id='par_1_3' title="bbox 79 1221 1363 1445">
     <span class='ocr_line' id='line_1_9' title="bbox 143 1221 1363 1326; baseline 0 -26"><span class='ocrx_word' id='word_1_66' title='bbox 143 1223 276 1300; x_wconf 81' lang='lat' dir='ltr'>Eadem</span> <span class='ocrx_word' id='word_1_67' title='bbox 304 1225 439 1326; x_wconf 86' lang='lat' dir='ltr'>repetit</span> <span class='ocrx_word' id='word_1_68' title='bbox 458 1225 605 1303; x_wconf 84' lang='lat' dir='ltr'>Pelizar</span> <span class='ocrx_word' id='word_1_69' title='bbox 623 1227 669 1302; x_wconf 82' lang='lat' dir='ltr'>de</span> <span class='ocrx_word' id='word_1_70' title='bbox 698 1225 896 1302; x_wconf 80' lang='lat' dir='ltr'>momr&#39;olr&#39;b.</span> <span class='ocrx_word' id='word_1_71' title='bbox 919 1253 950 1300; x_wconf 87' lang='lat' dir='ltr'>c.</span> <span class='ocrx_word' id='word_1_72' title='bbox 976 1224 1033 1300; x_wconf 85' lang='lat'>10</span> <span class='ocrx_word' id='word_1_73' title='bbox 1053 1250 1093 1299; x_wconf 83' lang='lat' dir='ltr'>u.</span> <span class='ocrx_word' id='word_1_74' title='bbox 1110 1221 1221 1315; x_wconf 78' lang='grc'><em>233;</em></span> <span class='ocrx_word' id='word_1_75' title='bbox 1236 1223 1363 1326; x_wconf 82' lang='lat' dir='ltr'>Capon</span> 
     </span>
     <span class='ocr_line' id='line_1_10' title="bbox 79 1339 1322 1445; baseline 0.005 -31"><span class='ocrx_word' id='word_1_76' title='bbox 79 1345 200 1418; x_wconf 71' lang='lat' dir='ltr'>troad</span> <span class='ocrx_word' id='word_1_77' title='bbox 228 1343 381 1445; x_wconf 80' lang='lat' dir='ltr'>dr&#39;scept.</span> <span class='ocrx_word' id='word_1_78' title='bbox 407 1339 494 1416; x_wconf 82' lang='lat'>133</span> <span class='ocrx_word' id='word_1_79' title='bbox 513 1341 689 1418; x_wconf 79' lang='lat' dir='ltr'>n.73et</span> <span class='ocrx_word' id='word_1_80' title='bbox 717 1343 789 1419; x_wconf 71' lang='lat'>74.</span> <span class='ocrx_word' id='word_1_81' title='bbox 858 1409 860 1419; x_wconf 92' lang='lat'><em>.</em></span> <span class='ocrx_word' id='word_1_82' title='bbox 1318 1341 1322 1346; x_wconf 72' lang='grc'><strong>’</strong></span> 
     </span>
    </p>

    <p class='ocr_par' dir='ltr' id='par_1_4' title="bbox 75 1457 1383 2143">
     <span class='ocr_line' id='line_1_11' title="bbox 144 1457 1381 1560; baseline -0.002 -24"><span class='ocrx_word' id='word_1_83' title='bbox 144 1460 286 1536; x_wconf 83' lang='lat' dir='ltr'>Nullam</span> <span class='ocrx_word' id='word_1_84' title='bbox 315 1462 440 1535; x_wconf 86' lang='lat' dir='ltr'>autem</span> <span class='ocrx_word' id='word_1_85' title='bbox 468 1458 721 1538; x_wconf 86' lang='lat' dir='ltr'>difficultatem</span> <span class='ocrx_word' id='word_1_86' title='bbox 749 1460 882 1552; x_wconf 89' lang='lat' dir='ltr'>faeere,</span> <span class='ocrx_word' id='word_1_87' title='bbox 910 1459 1006 1560; x_wconf 90' lang='lat' dir='ltr'>qnod</span> <span class='ocrx_word' id='word_1_88' title='bbox 1033 1457 1072 1534; x_wconf 91' lang='lat' dir='ltr'>in</span> <span class='ocrx_word' id='word_1_89' title='bbox 1112 1459 1274 1534; x_wconf 88' lang='lat' dir='ltr'>themate</span> <span class='ocrx_word' id='word_1_90' title='bbox 1302 1484 1381 1534; x_wconf 89' lang='lat' dir='ltr'>mo·</span> 
     </span>
     <span class='ocr_line' id='line_1_12' title="bbox 77 1572 1382 1676; baseline 0.002 -29"><span class='ocrx_word' id='word_1_91' title='bbox 77 1575 177 1651; x_wconf 81' lang='lat' dir='ltr'>nieles</span> <span class='ocrx_word' id='word_1_92' title='bbox 205 1574 452 1652; x_wconf 89' lang='lat' dir='ltr'>subiiciantur</span> <span class='ocrx_word' id='word_1_93' title='bbox 470 1575 715 1652; x_wconf 89' lang='lat' dir='ltr'>iurisdictioni</span> <span class='ocrx_word' id='word_1_94' title='bbox 751 1573 950 1652; x_wconf 90' lang='lat' dir='ltr'>Ordinarii:</span> <span class='ocrx_word' id='word_1_95' title='bbox 981 1599 1046 1676; x_wconf 86' lang='lat' dir='ltr'>per</span> <span class='ocrx_word' id='word_1_96' title='bbox 1073 1574 1142 1649; x_wconf 93' lang='lat' dir='ltr'>hoo</span> <span class='ocrx_word' id='word_1_97' title='bbox 1165 1572 1263 1651; x_wconf 91' lang='lat' dir='ltr'>enim</span> <span class='ocrx_word' id='word_1_98' title='bbox 1291 1573 1382 1650; x_wconf 87' lang='lat' dir='ltr'>alla-</span> 
     </span>
     <span class='ocr_line' id='line_1_13' title="bbox 77 1689 1383 1794; baseline 0.003 -32"><span class='ocrx_word' id='word_1_99' title='bbox 77 1697 124 1765; x_wconf 85' lang='lat' dir='ltr'>tas</span> <span class='ocrx_word' id='word_1_100' title='bbox 148 1693 305 1768; x_wconf 90' lang='lat' dir='ltr'>rationes</span> <span class='ocrx_word' id='word_1_101' title='bbox 332 1716 407 1769; x_wconf 91' lang='lat' dir='ltr'>non</span> <span class='ocrx_word' id='word_1_102' title='bbox 433 1692 583 1770; x_wconf 87' lang='lat' dir='ltr'>mutari:</span> <span class='ocrx_word' id='word_1_103' title='bbox 618 1717 737 1794; x_wconf 90' lang='lat' dir='ltr'>neque</span> <span class='ocrx_word' id='word_1_104' title='bbox 777 1691 920 1767; x_wconf 87' lang='lat' dir='ltr'>easdem</span> <span class='ocrx_word' id='word_1_105' title='bbox 953 1691 1116 1768; x_wconf 89' lang='lat' dir='ltr'>rationes</span> <span class='ocrx_word' id='word_1_106' title='bbox 1153 1689 1287 1766; x_wconf 87' lang='lat' dir='ltr'>mutari</span> <span class='ocrx_word' id='word_1_107' title='bbox 1314 1713 1383 1790; x_wconf 82' lang='lat' dir='ltr'>per</span> 
     </span>
     <span class='ocr_line' id='line_1_14' title="bbox 76 1804 1381 1910; baseline 0.001 -30"><span class='ocrx_word' id='word_1_108' title='bbox 76 1808 260 1884; x_wconf 82' lang='lat' dir='ltr'>constituta</span> <span class='ocrx_word' id='word_1_109' title='bbox 287 1807 434 1910; x_wconf 91' lang='lat' dir='ltr'>publica</span> <span class='ocrx_word' id='word_1_110' title='bbox 452 1811 488 1884; x_wconf 89' lang='lat' dir='ltr'>et</span> <span class='ocrx_word' id='word_1_111' title='bbox 514 1809 723 1885; x_wconf 89' lang='lat' dir='ltr'>eommunia</span> <span class='ocrx_word' id='word_1_112' title='bbox 742 1805 973 1898; x_wconf 81' lang='lat' dir='ltr'>eoeineteria,</span> <span class='ocrx_word' id='word_1_113' title='bbox 996 1831 1090 1907; x_wconf 89' lang='lat' dir='ltr'>quae</span> <span class='ocrx_word' id='word_1_114' title='bbox 1107 1805 1189 1881; x_wconf 88' lang='lat' dir='ltr'>iura</span> <span class='ocrx_word' id='word_1_115' title='bbox 1211 1804 1381 1882; x_wconf 91' lang='lat' dir='ltr'>funerum</span> 
     </span>
     <span class='ocr_line' id='line_1_15' title="bbox 75 1921 1382 2017; baseline 0.002 -21"><span class='ocrx_word' id='word_1_116' title='bbox 75 1947 136 1997; x_wconf 91' lang='lat' dir='ltr'>non</span> <span class='ocrx_word' id='word_1_117' title='bbox 162 1923 386 2017; x_wconf 89' lang='lat' dir='ltr'>immutant;</span> <span class='ocrx_word' id='word_1_118' title='bbox 418 1948 500 2000; x_wconf 89' lang='lat' dir='ltr'>oum</span> <span class='ocrx_word' id='word_1_119' title='bbox 528 1927 676 2002; x_wconf 87' lang='lat' dir='ltr'>tantum</span> <span class='ocrx_word' id='word_1_120' title='bbox 704 1922 905 2000; x_wconf 87' lang='lat' dir='ltr'>materialis</span> <span class='ocrx_word' id='word_1_121' title='bbox 945 1922 1177 2000; x_wconf 80' lang='lat' dir='ltr'>dormitionis</span> <span class='ocrx_word' id='word_1_122' title='bbox 1204 1922 1306 1999; x_wconf 89' lang='lat' dir='ltr'>locus</span> <span class='ocrx_word' id='word_1_123' title='bbox 1333 1921 1382 1998; x_wconf 85' lang='lat' dir='ltr'>sit</span> 
     </span>
     <span class='ocr_line' id='line_1_16' title="bbox 75 2038 1377 2143; baseline 0.004 -32"><span class='ocrx_word' id='word_1_124' title='bbox 75 2043 221 2114; x_wconf 83' lang='lat' dir='ltr'>mutatus</span> <span class='ocrx_word' id='word_1_125' title='bbox 249 2065 361 2117; x_wconf 86' lang='lat' dir='ltr'>causa</span> <span class='ocrx_word' id='word_1_126' title='bbox 388 2041 554 2143; x_wconf 86' lang='lat' dir='ltr'>publicae</span> <span class='ocrx_word' id='word_1_127' title='bbox 593 2039 812 2119; x_wconf 82' lang='lat' dir='ltr'>valetudinis</span> <span class='ocrx_word' id='word_1_128' title='bbox 849 2044 891 2116; x_wconf 90' lang='lat' dir='ltr'>ut</span> <span class='ocrx_word' id='word_1_129' title='bbox 917 2040 1055 2115; x_wconf 86' lang='lat' dir='ltr'>centies</span> <span class='ocrx_word' id='word_1_130' title='bbox 1079 2042 1135 2114; x_wconf 90' lang='lat' dir='ltr'>est</span> <span class='ocrx_word' id='word_1_131' title='bbox 1161 2038 1377 2116; x_wconf 87' lang='lat' dir='ltr'>resolutum.</span> 
     </span>
    </p>

    <p class='ocr_par' dir='ltr' id='par_1_5' title="bbox 138 2155 1243 2260">
     <span class='ocr_line' id='line_1_17' title="bbox 138 2155 1243 2260; baseline 0.002 -31"><span class='ocrx_word' id='word_1_132' title='bbox 138 2155 245 2232; x_wconf 89' lang='lat' dir='ltr'>Hisce</span> <span class='ocrx_word' id='word_1_133' title='bbox 273 2156 432 2258; x_wconf 85' lang='lat' dir='ltr'>aliisque</span> <span class='ocrx_word' id='word_1_134' title='bbox 458 2157 620 2234; x_wconf 88' lang='lat' dir='ltr'>deductis</span> <span class='ocrx_word' id='word_1_135' title='bbox 647 2158 876 2260; x_wconf 82' lang='lat' dir='ltr'>propositum</span> <span class='ocrx_word' id='word_1_136' title='bbox 905 2160 962 2232; x_wconf 89' lang='lat' dir='ltr'>cst</span> <span class='ocrx_word' id='word_1_137' title='bbox 989 2155 1243 2234; x_wconf 89' lang='lat' dir='ltr'>resolvendum</span> 
     </span>
    </p>
   </div>
   <div class='ocr_carea' id='block_1_3' title="bbox 627 2347 808 2402">
    <p class='ocr_par' dir='ltr' id='par_1_6' title="bbox 627 2347 808 2402">
     <span class='ocr_line' id='line_1_18' title="bbox 627 2347 808 2402; baseline 0.006 -1"><span class='ocrx_word' id='word_1_138' title='bbox 627 2347 808 2402; x_wconf 73' lang='lat' dir='ltr'>nubtum</span> 
     </span>
    </p>
   </div>
   <div class='ocr_carea' id='block_1_4' title="bbox 68 2489 1384 3177">
    <p class='ocr_par' dir='ltr' id='par_1_7' title="bbox 75 2489 1382 2685">
     <span class='ocr_line' id='line_1_19' title="bbox 143 2489 1382 2594; baseline 0.006 -32"><span class='ocrx_word' id='word_1_139' title='bbox 143 2489 238 2566; x_wconf 78' lang='lat' dir='ltr'>«An</span> <span class='ocrx_word' id='word_1_140' title='bbox 267 2491 378 2567; x_wconf 88' lang='lat' dir='ltr'>etad</span> <span class='ocrx_word' id='word_1_141' title='bbox 405 2515 514 2592; x_wconf 90' lang='lat' dir='ltr'>quem</span> <span class='ocrx_word' id='word_1_142' title='bbox 541 2493 702 2594; x_wconf 84' lang='lat' dir='ltr'>pertinet</span> <span class='ocrx_word' id='word_1_143' title='bbox 729 2491 925 2570; x_wconf 78' lang='lat' dir='ltr'>associatio</span> <span class='ocrx_word' id='word_1_144' title='bbox 964 2489 1154 2568; x_wconf 86' lang='lat' dir='ltr'>cadaveris</span> <span class='ocrx_word' id='word_1_145' title='bbox 1183 2492 1382 2570; x_wconf 84' lang='lat' dir='ltr'>sanctimo-</span> 
     </span>
     <span class='ocr_line' id='line_1_20' title="bbox 75 2607 494 2685; baseline 0.01 -9"><span class='ocrx_word' id='word_1_146' title='bbox 75 2607 253 2684; x_wconf 79' lang='lat' dir='ltr'>›nialium</span> <span class='ocrx_word' id='word_1_147' title='bbox 281 2607 321 2684; x_wconf 90' lang='lat' dir='ltr'>in</span> <span class='ocrx_word' id='word_1_148' title='bbox 348 2633 494 2685; x_wconf 74' lang='lat' dir='ltr'>casu&gt;</span> 
     </span>
    </p>

    <p class='ocr_par' dir='ltr' id='par_1_8' title="bbox 68 2723 1384 3177">
     <span class='ocr_line' id='line_1_21' title="bbox 142 2723 1382 2828; baseline -0.002 -26"><span class='ocrx_word' id='word_1_149' title='bbox 142 2725 365 2803; x_wconf 80' lang='lat' dir='ltr'>Rosonurro.</span> <span class='ocrx_word' id='word_1_150' title='bbox 397 2723 436 2804; x_wconf 86' lang='lat' dir='ltr'>S.</span> <span class='ocrx_word' id='word_1_151' title='bbox 476 2725 722 2828; x_wconf 82' lang='lat' dir='ltr'>Congregatio</span> <span class='ocrx_word' id='word_1_152' title='bbox 758 2723 915 2804; x_wconf 80' lang='lat' dir='ltr'>Concilii</span> <span class='ocrx_word' id='word_1_153' title='bbox 942 2752 1052 2804; x_wconf 87' lang='lat' dir='ltr'>causa</span> <span class='ocrx_word' id='word_1_154' title='bbox 1070 2725 1216 2827; x_wconf 88' lang='lat' dir='ltr'>cognita</span> <span class='ocrx_word' id='word_1_155' title='bbox 1243 2725 1301 2802; x_wconf 90' lang='lat' dir='ltr'>die</span> <span class='ocrx_word' id='word_1_156' title='bbox 1328 2725 1382 2802; x_wconf 73' lang='lat'>24</span> 
     </span>
     <span class='ocr_line' id='line_1_22' title="bbox 73 2837 1382 2944; baseline 0.005 -32"><span class='ocrx_word' id='word_1_157' title='bbox 73 2837 247 2916; x_wconf 78' lang='lat' dir='ltr'>Februarii</span> <span class='ocrx_word' id='word_1_158' title='bbox 284 2837 384 2917; x_wconf 75' lang='lat'>1872</span> <span class='ocrx_word' id='word_1_159' title='bbox 412 2842 630 2944; x_wconf 87' lang='lat' dir='ltr'>respondere</span> <span class='ocrx_word' id='word_1_160' title='bbox 666 2844 820 2918; x_wconf 86' lang='lat' dir='ltr'>censuit:</span> <span class='ocrx_word' id='word_1_161' title='bbox 857 2843 1084 2944; x_wconf 75' lang='lat' dir='ltr'>affirmative</span> <span class='ocrx_word' id='word_1_162' title='bbox 1116 2849 1253 2944; x_wconf 75' lang='lat' dir='ltr'>facore</span> <span class='ocrx_word' id='word_1_163' title='bbox 1285 2841 1382 2920; x_wconf 78' lang='lat' dir='ltr'>Core-</span> 
     </span>
     <span class='ocr_line' id='line_1_23' title="bbox 68 2957 1384 3058; baseline 0.005 -30"><span class='ocrx_word' id='word_1_164' title='bbox 68 2957 228 3051; x_wconf 72' lang='lat' dir='ltr'>si&#39;ssorr&#39;i,</span> <span class='ocrx_word' id='word_1_165' title='bbox 249 2959 456 3035; x_wconf 77' lang='lat' dir='ltr'>durrtmodo</span> <span class='ocrx_word' id='word_1_166' title='bbox 484 2959 645 3032; x_wconf 80' lang='lat' dir='ltr'>cadaver</span> <span class='ocrx_word' id='word_1_167' title='bbox 672 2959 871 3058; x_wconf 77' lang='lat' dir='ltr'>deferatur</span> <span class='ocrx_word' id='word_1_168' title='bbox 899 2986 985 3036; x_wconf 79' lang='lat' dir='ltr'>erem</span> <span class='ocrx_word' id='word_1_169' title='bbox 1003 2961 1101 3035; x_wconf 83' lang='lat' dir='ltr'>stola</span> <span class='ocrx_word' id='word_1_170' title='bbox 1129 2969 1164 3034; x_wconf 83' lang='lat' dir='ltr'>et</span> <span class='ocrx_word' id='word_1_171' title='bbox 1190 2985 1300 3035; x_wconf 79' lang='lat' dir='ltr'>cruce</span> <span class='ocrx_word' id='word_1_172' title='bbox 1317 2959 1384 3036; x_wconf 82' lang='lat' dir='ltr'>sed</span> 
     </span>
     <span class='ocr_line' id='line_1_24' title="bbox 71 3069 1114 3177; baseline 0.012 -37"><span class='ocrx_word' id='word_1_173' title='bbox 71 3069 196 3172; x_wconf 77' lang='lat' dir='ltr'>absque</span> <span class='ocrx_word' id='word_1_174' title='bbox 214 3099 360 3177; x_wconf 77' lang='lat' dir='ltr'>pompa</span> <span class='ocrx_word' id='word_1_175' title='bbox 389 3083 423 3148; x_wconf 84' lang='lat' dir='ltr'>el</span> <span class='ocrx_word' id='word_1_176' title='bbox 451 3084 549 3148; x_wconf 83' lang='lat' dir='ltr'>recto</span> <span class='ocrx_word' id='word_1_177' title='bbox 578 3075 808 3150; x_wconf 70' lang='lat' dir='ltr'>bomilcar!</span> <span class='ocrx_word' id='word_1_178' title='bbox 835 3080 1114 3152; x_wconf 73' lang='lat' dir='ltr'>coertretcre&#39;um.</span> 
     </span>
    </p>
   </div>
   <div class='ocr_carea' id='block_1_5' title="bbox 214 3245 642 3331">
    <p class='ocr_par' dir='ltr' id='par_1_9' title="bbox 214 3245 642 3331">
     <span class='ocr_line' id='line_1_25' title="bbox 214 3245 642 3331; baseline -0.005 -11"><span class='ocrx_word' id='word_1_179' title='bbox 214 3245 272 3320; x_wconf 50' lang='grc' dir='ltr'>ΕΚ</span> <span class='ocrx_word' id='word_1_180' title='bbox 301 3267 431 3331; x_wconf 65' lang='lat' dir='ltr'>erlinus</span> <span class='ocrx_word' id='word_1_181' title='bbox 457 3267 642 3321; x_wconf 76' lang='lat' dir='ltr'>conruens:</span> 
     </span>
    </p>
   </div>
   <div class='ocr_carea' id='block_1_6' title="bbox 69 3429 1381 4117">
    <p class='ocr_par' dir='ltr' id='par_1_10' title="bbox 69 3429 1381 3767">
     <span class='ocr_line' id='line_1_26' title="bbox 142 3429 1380 3536; baseline 0 -28"><span class='ocrx_word' id='word_1_182' title='bbox 142 3431 169 3508; x_wconf 93' lang='lat' dir='ltr'>l.</span> <span class='ocrx_word' id='word_1_183' title='bbox 198 3433 253 3508; x_wconf 82' lang='lat' dir='ltr'>Ex</span> <span class='ocrx_word' id='word_1_184' title='bbox 280 3429 465 3507; x_wconf 92' lang='lat' dir='ltr'>communi</span> <span class='ocrx_word' id='word_1_185' title='bbox 496 3432 575 3508; x_wconf 84' lang='lat' dir='ltr'>iure</span> <span class='ocrx_word' id='word_1_186' title='bbox 604 3431 649 3506; x_wconf 88' lang='lat' dir='ltr'>ad</span> <span class='ocrx_word' id='word_1_187' title='bbox 676 3429 885 3507; x_wconf 83' lang='lat' dir='ltr'>Paroclium</span> <span class='ocrx_word' id='word_1_188' title='bbox 904 3431 1086 3534; x_wconf 88' lang='lat' dir='ltr'>privative</span> <span class='ocrx_word' id='word_1_189' title='bbox 1109 3432 1296 3536; x_wconf 86' lang='lat' dir='ltr'>pertinere</span> <span class='ocrx_word' id='word_1_190' title='bbox 1315 3456 1380 3508; x_wconf 81' lang='lat' dir='ltr'>ex·</span> 
     </span>
     <span class='ocr_line' id='line_1_27' title="bbox 69 3545 1381 3652; baseline 0.004 -33"><span class='ocrx_word' id='word_1_191' title='bbox 69 3552 179 3622; x_wconf 87' lang='lat' dir='ltr'>trema</span> <span class='ocrx_word' id='word_1_192' title='bbox 204 3551 434 3624; x_wconf 88' lang='lat' dir='ltr'>sacramenta</span> <span class='ocrx_word' id='word_1_193' title='bbox 454 3548 664 3624; x_wconf 85' lang='lat' dir='ltr'>ministrare</span> <span class='ocrx_word' id='word_1_194' title='bbox 683 3548 781 3624; x_wconf 88' lang='lat' dir='ltr'>intra</span> <span class='ocrx_word' id='word_1_195' title='bbox 807 3547 944 3625; x_wconf 91' lang='lat' dir='ltr'>limites</span> <span class='ocrx_word' id='word_1_196' title='bbox 963 3574 1052 3626; x_wconf 87' lang='lat' dir='ltr'>suae</span> <span class='ocrx_word' id='word_1_197' title='bbox 1079 3549 1282 3652; x_wconf 79' lang='lat' dir='ltr'>paroeciae,</span> <span class='ocrx_word' id='word_1_198' title='bbox 1307 3545 1381 3624; x_wconf 90' lang='lat' dir='ltr'>sal-</span> 
     </span>
     <span class='ocr_line' id='line_1_28' title="bbox 69 3661 1100 3767; baseline 0.009 -34"><span class='ocrx_word' id='word_1_199' title='bbox 69 3661 122 3736; x_wconf 78' lang='lat' dir='ltr'>vis</span> <span class='ocrx_word' id='word_1_200' title='bbox 149 3663 438 3767; x_wconf 82' lang='lat' dir='ltr'>exemptionibus</span> <span class='ocrx_word' id='word_1_201' title='bbox 466 3669 531 3740; x_wconf 89' lang='lat' dir='ltr'>aut</span> <span class='ocrx_word' id='word_1_202' title='bbox 557 3663 735 3766; x_wconf 84' lang='lat' dir='ltr'>legitimis</span> <span class='ocrx_word' id='word_1_203' title='bbox 763 3665 1100 3742; x_wconf 86' lang='lat' dir='ltr'>consuetudinibus.</span> 
     </span>
    </p>

    <p class='ocr_par' dir='ltr' id='par_1_11' title="bbox 69 3778 1379 4117">
     <span class='ocr_line' id='line_1_29' title="bbox 145 3778 1379 3882; baseline -0.001 -27"><span class='ocrx_word' id='word_1_204' title='bbox 145 3781 185 3856; x_wconf 94' lang='lat' dir='ltr'>ll.</span> <span class='ocrx_word' id='word_1_205' title='bbox 205 3783 296 3857; x_wconf 89' lang='lat' dir='ltr'>Item</span> <span class='ocrx_word' id='word_1_206' title='bbox 323 3803 370 3856; x_wconf 84' lang='lat' dir='ltr'>ex</span> <span class='ocrx_word' id='word_1_207' title='bbox 397 3779 581 3857; x_wconf 92' lang='lat' dir='ltr'>communi</span> <span class='ocrx_word' id='word_1_208' title='bbox 617 3778 696 3856; x_wconf 89' lang='lat' dir='ltr'>iure</span> <span class='ocrx_word' id='word_1_209' title='bbox 730 3779 775 3854; x_wconf 92' lang='lat' dir='ltr'>ad</span> <span class='ocrx_word' id='word_1_210' title='bbox 803 3779 1012 3856; x_wconf 89' lang='lat' dir='ltr'>Parochum</span> <span class='ocrx_word' id='word_1_211' title='bbox 1046 3780 1229 3882; x_wconf 89' lang='lat' dir='ltr'>privative</span> <span class='ocrx_word' id='word_1_212' title='bbox 1264 3779 1379 3882; x_wconf 87' lang='lat' dir='ltr'>perti-</span> 
     </span>
     <span class='ocr_line' id='line_1_30' title="bbox 69 3895 1378 3997; baseline 0.002 -29"><span class='ocrx_word' id='word_1_213' title='bbox 69 3917 151 3970; x_wconf 90' lang='lat' dir='ltr'>nere</span> <span class='ocrx_word' id='word_1_214' title='bbox 176 3895 343 3972; x_wconf 87' lang='lat' dir='ltr'>funebres</span> <span class='ocrx_word' id='word_1_215' title='bbox 371 3896 623 3997; x_wconf 83' lang='lat' dir='ltr'>processiones</span> <span class='ocrx_word' id='word_1_216' title='bbox 652 3920 824 3996; x_wconf 87' lang='lat' dir='ltr'>peragere</span> <span class='ocrx_word' id='word_1_217' title='bbox 852 3898 896 3973; x_wconf 87' lang='lat' dir='ltr'>de</span> <span class='ocrx_word' id='word_1_218' title='bbox 933 3896 979 3971; x_wconf 92' lang='lat' dir='ltr'>iis</span> <span class='ocrx_word' id='word_1_219' title='bbox 1006 3897 1071 3997; x_wconf 91' lang='lat' dir='ltr'>qui</span> <span class='ocrx_word' id='word_1_220' title='bbox 1103 3900 1190 3973; x_wconf 89' lang='lat' dir='ltr'>sunt</span> <span class='ocrx_word' id='word_1_221' title='bbox 1216 3895 1378 3972; x_wconf 80' lang='lat' dir='ltr'>defuncti</span> 
     </span>
     <span class='ocr_line' id='line_1_31' title="bbox 69 4009 1375 4117; baseline 0.004 -35"><span class='ocrx_word' id='word_1_222' title='bbox 69 4009 163 4086; x_wconf 88' lang='lat' dir='ltr'>intra</span> <span class='ocrx_word' id='word_1_223' title='bbox 175 4011 305 4088; x_wconf 86' lang='lat' dir='ltr'>limites</span> <span class='ocrx_word' id='word_1_224' title='bbox 320 4035 409 4087; x_wconf 86' lang='lat' dir='ltr'>suae</span> <span class='ocrx_word' id='word_1_225' title='bbox 423 4013 631 4114; x_wconf 88' lang='lat' dir='ltr'>paroeciae,</span> <span class='ocrx_word' id='word_1_226' title='bbox 646 4011 758 4087; x_wconf 89' lang='lat' dir='ltr'>salvis</span> <span class='ocrx_word' id='word_1_227' title='bbox 769 4010 947 4113; x_wconf 84' lang='lat' dir='ltr'>legitimis</span> <span class='ocrx_word' id='word_1_228' title='bbox 961 4013 1287 4090; x_wconf 87' lang='lat' dir='ltr'>consuetudinibus</span> <span class='ocrx_word' id='word_1_229' title='bbox 1300 4012 1375 4117; x_wconf 90' lang='lat' dir='ltr'>(l).</span> 
     </span>
    </p>
   </div>
   <div class='ocr_carea' id='block_1_7' title="bbox 67 4201 1378 4722">
    <p class='ocr_par' dir='ltr' id='par_1_12' title="bbox 67 4201 1378 4722">
     <span class='ocr_line' id='line_1_32' title="bbox 116 4201 1375 4275; baseline 0.006 -23"><span class='ocrx_word' id='word_1_230' title='bbox 116 4201 157 4274; x_wconf 84' lang='lat'>(1)</span> <span class='ocrx_word' id='word_1_231' title='bbox 173 4203 308 4266; x_wconf 77' lang='lat' dir='ltr'>Quaenam</span> <span class='ocrx_word' id='word_1_232' title='bbox 323 4203 383 4258; x_wconf 84' lang='lat' dir='ltr'>sint</span> <span class='ocrx_word' id='word_1_233' title='bbox 396 4203 515 4256; x_wconf 83' lang='lat' dir='ltr'>Paroehi</span> <span class='ocrx_word' id='word_1_234' title='bbox 531 4204 645 4271; x_wconf 84' lang='lat' dir='ltr'>proprie</span> <span class='ocrx_word' id='word_1_235' title='bbox 665 4207 694 4256; x_wconf 85' lang='lat' dir='ltr'>et</span> <span class='ocrx_word' id='word_1_236' title='bbox 738 4205 922 4258; x_wconf 84' lang='lat' dir='ltr'>observantie</span> <span class='ocrx_word' id='word_1_237' title='bbox 940 4209 1007 4258; x_wconf 86' lang='lat' dir='ltr'>sunt</span> <span class='ocrx_word' id='word_1_238' title='bbox 1024 4206 1060 4258; x_wconf 75' lang='lat' dir='ltr'>ed</span> <span class='ocrx_word' id='word_1_239' title='bbox 1080 4222 1166 4275; x_wconf 75' lang='lat' dir='ltr'>peuce</span> <span class='ocrx_word' id='word_1_240' title='bbox 1189 4207 1375 4274; x_wconf 86' lang='lat' dir='ltr'>reducuntur,</span> 
     </span>
     <span class='ocr_line' id='line_1_33' title="bbox 68 4293 1377 4362; baseline 0.006 -21"><span class='ocrx_word' id='word_1_241' title='bbox 68 4293 206 4346; x_wconf 75' lang='lat' dir='ltr'>exclusiva</span> <span class='ocrx_word' id='word_1_242' title='bbox 223 4296 283 4347; x_wconf 84' lang='lat' dir='ltr'>lure</span> <span class='ocrx_word' id='word_1_243' title='bbox 303 4295 422 4360; x_wconf 80' lang='lat' dir='ltr'>quaein</span> <span class='ocrx_word' id='word_1_244' title='bbox 441 4295 537 4358; x_wconf 80' lang='lat' dir='ltr'>vigore</span> <span class='ocrx_word' id='word_1_245' title='bbox 557 4294 630 4358; x_wconf 85' lang='lat' dir='ltr'>sint,</span> <span class='ocrx_word' id='word_1_246' title='bbox 652 4293 694 4344; x_wconf 79' lang='lat' dir='ltr'>sie</span> <span class='ocrx_word' id='word_1_247' title='bbox 740 4309 836 4358; x_wconf 84' lang='lat' dir='ltr'>nempe</span> <span class='ocrx_word' id='word_1_248' title='bbox 859 4295 884 4344; x_wconf 89' lang='lat'>1·</span> <span class='ocrx_word' id='word_1_249' title='bbox 904 4293 938 4346; x_wconf 84' lang='lat' dir='ltr'>ed</span> <span class='ocrx_word' id='word_1_250' title='bbox 958 4294 1129 4348; x_wconf 82' lang='lat' dir='ltr'>delationem</span> <span class='ocrx_word' id='word_1_251' title='bbox 1149 4298 1239 4348; x_wconf 76' lang='lat' dir='ltr'>stolae</span> <span class='ocrx_word' id='word_1_252' title='bbox 1262 4297 1292 4348; x_wconf 88' lang='lat' dir='ltr'>in</span> <span class='ocrx_word' id='word_1_253' title='bbox 1316 4313 1377 4362; x_wconf 89' lang='lat' dir='ltr'>pro·</span> 
     </span>
     <span class='ocr_line' id='line_1_34' title="bbox 67 4381 1377 4448; baseline 0.004 -18"><span class='ocrx_word' id='word_1_254' title='bbox 67 4381 273 4435; x_wconf 78' lang='lat' dir='ltr'>auetoritatibus</span> <span class='ocrx_word' id='word_1_255' title='bbox 293 4385 446 4448; x_wconf 77' lang='lat' dir='ltr'>allegetis,</span> <span class='ocrx_word' id='word_1_256' title='bbox 474 4381 583 4434; x_wconf 85' lang='lat' dir='ltr'>indicet</span> <span class='ocrx_word' id='word_1_257' title='bbox 600 4383 693 4434; x_wconf 82' lang='lat' dir='ltr'>nene·</span> <span class='ocrx_word' id='word_1_258' title='bbox 739 4381 914 4436; x_wconf 87' lang='lat' dir='ltr'>cessienlbns</span> <span class='ocrx_word' id='word_1_259' title='bbox 934 4384 1132 4438; x_wconf 82' lang='lat' dir='ltr'>funeralibus:</span> <span class='ocrx_word' id='word_1_260' title='bbox 1158 4393 1184 4436; x_wconf 71' lang='lat' dir='ltr'>z·</span> <span class='ocrx_word' id='word_1_261' title='bbox 1204 4385 1239 4438; x_wconf 87' lang='lat' dir='ltr'>ed</span> <span class='ocrx_word' id='word_1_262' title='bbox 1265 4385 1377 4436; x_wconf 87' lang='lat' dir='ltr'>benedi-</span> 
     </span>
     <span class='ocr_line' id='line_1_35' title="bbox 67 4471 1378 4538; baseline 0.003 -18"><span class='ocrx_word' id='word_1_263' title='bbox 67 4471 129 4521; x_wconf 83' lang='lat' dir='ltr'>rolli</span> <span class='ocrx_word' id='word_1_264' title='bbox 143 4471 174 4520; x_wconf 89' lang='lat' dir='ltr'>ln</span> <span class='ocrx_word' id='word_1_265' title='bbox 185 4487 228 4523; x_wconf 84' lang='lat' dir='ltr'>suo</span> <span class='ocrx_word' id='word_1_266' title='bbox 242 4473 415 4525; x_wconf 62' lang='lat' dir='ltr'>formulario</span> <span class='ocrx_word' id='word_1_267' title='bbox 435 4473 480 4525; x_wconf 79' lang='lat' dir='ltr'>tit.</span> <span class='ocrx_word' id='word_1_268' title='bbox 494 4477 537 4524; x_wconf 83' lang='lat'>10.</span> <span class='ocrx_word' id='word_1_269' title='bbox 547 4471 636 4538; x_wconf 87' lang='lat' dir='ltr'>serm.</span> <span class='ocrx_word' id='word_1_270' title='bbox 650 4475 690 4523; x_wconf 83' lang='lat'>18.</span> <span class='ocrx_word' id='word_1_271' title='bbox 740 4473 860 4525; x_wconf 86' lang='lat' dir='ltr'>ctionem</span> <span class='ocrx_word' id='word_1_272' title='bbox 871 4473 1011 4526; x_wconf 87' lang='lat' dir='ltr'>domorum</span> <span class='ocrx_word' id='word_1_273' title='bbox 1022 4475 1052 4526; x_wconf 88' lang='lat' dir='ltr'>in</span> <span class='ocrx_word' id='word_1_274' title='bbox 1063 4473 1185 4528; x_wconf 81' lang='lat' dir='ltr'>Sabbeto</span> <span class='ocrx_word' id='word_1_275' title='bbox 1197 4473 1378 4526; x_wconf 66' lang='lat' dir='ltr'>senetezomd</span> 
     </span>
     <span class='ocr_line' id='line_1_36' title="bbox 68 4561 1376 4629; baseline 0.003 -20"><span class='ocrx_word' id='word_1_276' title='bbox 68 4577 94 4608; x_wconf 79' lang='lat' dir='ltr'>o.</span> <span class='ocrx_word' id='word_1_277' title='bbox 106 4565 144 4611; x_wconf 59' lang='lat' dir='ltr'>t:</span> <span class='ocrx_word' id='word_1_278' title='bbox 159 4580 170 4604; x_wconf 68' lang='lat' dir='ltr'><strong><em>a</em></strong></span> <span class='ocrx_word' id='word_1_279' title='bbox 181 4561 261 4614; x_wconf 83' lang='lat' dir='ltr'>Hodie</span> <span class='ocrx_word' id='word_1_280' title='bbox 272 4565 431 4614; x_wconf 81' lang='lat' dir='ltr'>functiones</span> <span class='ocrx_word' id='word_1_281' title='bbox 442 4563 614 4629; x_wconf 77' lang='lat' dir='ltr'>privativae,</span> <span class='ocrx_word' id='word_1_282' title='bbox 626 4576 695 4627; x_wconf 77' lang='lat' dir='ltr'>qnae</span> <span class='ocrx_word' id='word_1_283' title='bbox 742 4564 946 4627; x_wconf 84' lang='lat' dir='ltr'>perceptionem</span> <span class='ocrx_word' id='word_1_284' title='bbox 960 4563 1143 4616; x_wconf 84' lang='lat' dir='ltr'>decimarum:</span> <span class='ocrx_word' id='word_1_285' title='bbox 1164 4563 1192 4612; x_wconf 87' lang='grc'>4·</span> <span class='ocrx_word' id='word_1_286' title='bbox 1206 4562 1240 4615; x_wconf 78' lang='lat' dir='ltr'>ed</span> <span class='ocrx_word' id='word_1_287' title='bbox 1258 4561 1376 4613; x_wconf 80' lang='lat' dir='ltr'>admini·</span> 
     </span>
     <span class='ocr_line' id='line_1_37' title="bbox 69 4649 1377 4722; baseline 0.002 -18"><span class='ocrx_word' id='word_1_288' title='bbox 69 4649 101 4704; x_wconf 74' lang='lat' dir='ltr'>ed</span> <span class='ocrx_word' id='word_1_289' title='bbox 119 4649 249 4708; x_wconf 70' lang='lat' dir='ltr'>Peroehoe</span> <span class='ocrx_word' id='word_1_290' title='bbox 269 4657 399 4722; x_wconf 79' lang='lat' dir='ltr'>spectent</span> <span class='ocrx_word' id='word_1_291' title='bbox 418 4655 447 4706; x_wconf 86' lang='lat' dir='ltr'>et</span> <span class='ocrx_word' id='word_1_292' title='bbox 467 4667 537 4721; x_wconf 78' lang='lat' dir='ltr'>qnae</span> <span class='ocrx_word' id='word_1_293' title='bbox 558 4653 586 4705; x_wconf 88' lang='lat' dir='ltr'>in</span> <span class='ocrx_word' id='word_1_294' title='bbox 605 4649 694 4706; x_wconf 83' lang='lat' dir='ltr'>viridi</span> <span class='ocrx_word' id='word_1_295' title='bbox 741 4651 906 4706; x_wconf 76' lang='lat' dir='ltr'>strationem</span> <span class='ocrx_word' id='word_1_296' title='bbox 920 4654 1088 4708; x_wconf 81' lang='lat' dir='ltr'>sacrementi</span> <span class='ocrx_word' id='word_1_297' title='bbox 1098 4650 1295 4707; x_wconf 75' lang='lat' dir='ltr'>Eucharistiae</span> <span class='ocrx_word' id='word_1_298' title='bbox 1310 4653 1377 4706; x_wconf 81' lang='lat' dir='ltr'>tem·</span> 
     </span>
    </p>
   </div>
   <div class='ocr_carea' id='block_1_8' title="bbox 0 0 1624 4940">
    <p class='ocr_par' dir='ltr' id='par_1_13' title="bbox 0 0 1624 4940">
     <span class='ocr_line' id='line_1_38' title="bbox 0 0 1624 4940; baseline 0 2"><span class='ocrx_word' id='word_1_299' title='bbox 0 0 1624 4940; x_wconf 95' lang='lat' dir='ltr'> </span> 
     </span>
    </p>
   </div>
  </div>
 </body>
</html>
