3238 4940
1296 346 1357 421 lbi

155 483 210 627 u
246 478 363 624 lut
406 478 664 622 totilum
707 475 1246 618 totttttttttttutt

126 843 201 927 stul
228 839 363 923 DOMINI
390 839 523 921 bottul
551 839 601 918 Pll
628 835 764 920 llllllNA
791 834 1048 918 Puououruu
1080 833 1207 934 PAPAE
1235 835 1277 918 lll

583 991 826 1049 annocumo

347 1130 471 1176 HABITA
488 1128 544 1174 DIE
559 1127 643 1174 XXIII
661 1127 842 1174 oucuoffllus
858 1126 1058 1176 hocconxxn

280 1223 326 1268 AD
353 1218 697 1267 annominemus
725 1218 760 1266 m
784 1218 926 1266 AEDIBUS
954 1217 1138 1267 varlanIS.

254 1338 522 1414 Vnunaaamns
548 1335 726 1413 Famam
783 1415 786 1420 ,

130 1533 146 1575 c
173 1503 296 1581 Iustus
323 1504 360 1578 et
386 1501 595 1578 misericors
622 1501 738 1594 Deus,
760 1498 863 1577 cuius
889 1497 1142 1577 inscrutabilia
1168 1495 1302 1574 iudicia
1327 1497 1365 1574 et

66 1615 319 1718 iuvestigabiles
345 1616 430 1693 viae
457 1621 556 1708 sunt,
579 1617 668 1692 sinit
695 1616 812 1692 adhuc
838 1614 1089 1717 Apostolicam
1115 1612 1212 1689 hanc
1235 1611 1363 1690 Sedem

66 1737 231 1832 totamque
259 1756 342 1808 cum
370 1731 450 1832 ipsa
471 1729 676 1808 Ecclesiam
704 1728 947 1831 ingemiscere
965 1729 1173 1805 divexatam
1191 1725 1365 1804 diuturna

66 1871 223 1947 moraque
251 1847 506 1923 insectatione.
530 1849 613 1923 Non
640 1848 833 1924 immutata
859 1870 947 1922 sane
973 1852 1041 1936 est,
1060 1844 1122 1920 sed
1141 1867 1363 1945 praegrava·

66 1964 94 2033 tr
115 1960 268 2061 quotidie
296 1961 417 2064 magis
444 1961 603 2038 conditio
631 1961 744 2039 Nobis
773 1960 945 2061 vobisque
972 1959 1082 2053 lecta,
1121 1957 1362 2035 Venerabiles

65 2075 202 2168 Fratres,
217 2077 263 2155 ab
282 2077 521 2179 occupatione
538 2078 759 2154 Nostrarum
777 2075 1060 2179 provinciarum,
1076 2076 1113 2150 et
1130 2072 1362 2176 potissimum

64 2195 234 2291 postquam
261 2193 308 2267 ab
336 2193 443 2268 annis
471 2193 545 2270 iam
572 2193 657 2296 plus
684 2194 824 2269 duobus
851 2190 943 2267 haec
969 2189 1067 2266 alma
1104 2191 1191 2266 urbs
1228 2189 1363 2265 Nostra

64 2307 227 2383 subtracta
253 2305 326 2384 fuit
351 2311 506 2409 paterno
533 2308 703 2412 regimini
730 2310 879 2386 Nostro.
901 2305 1000 2408 iugis
1021 2308 1144 2381 autem
1168 2303 1363 2405 experien-

64 2419 107 2493 tia
128 2421 252 2515 docuit,
277 2447 388 2522 quam
415 2421 545 2500 merito
573 2425 619 2499 ab
646 2423 735 2526 ipsis
762 2423 872 2499 huius
899 2419 1153 2500 insectationis
1186 2418 1357 2512 exordiis,

64 2533 236 2634 impiarum
263 2541 448 2615 sectarum
488 2539 759 2617 machinatione
795 2541 984 2640 promotae
1011 2540 1049 2612 et
1077 2536 1123 2613 ab
1151 2534 1360 2612 earumdem

65 2647 198 2726 aluumis
224 2678 350 2728 rerum
378 2679 522 2730 summa
548 2655 676 2757 potitis
703 2658 871 2757 patratae
899 2678 942 2728 ae
968 2655 1174 2756 provectae,
1194 2676 1304 2752 saepe
1322 2650 1361 2726 in

65 2763 333 2844 hllocutionibus
373 2769 599 2871 Litterisque
637 2771 784 2847 Nostris
830 2767 1049 2870 Apostolicis
1095 2766 1362 2844 asseruerimus

64 2891 180 2979 aperte,
202 2909 277 2961 non
305 2884 448 2961 eliade
476 2911 586 2964 causa
612 2912 782 2986 suprema
809 2885 925 2962 civilis
953 2883 1079 2961 Nostri
1120 2883 1361 2983 Principatus

64 2994 130 3072 iura
152 3003 251 3076 tanto
280 2999 365 3076 nisu
391 3000 505 3077 fuisse
533 3000 714 3103 impetita,
736 3001 810 3076 nisi
837 3005 878 3077 ut
904 3003 958 3077 ita
984 3001 1046 3076 via
1074 3003 1298 3076 sterneretur
1317 2999 1363 3076 ad

64 3111 269 3205 stutendum,
293 3115 324 3188 si
344 3114 425 3191 fieri
443 3121 576 3217 posset,
592 3116 821 3218 spiritualem
840 3115 1107 3216 principatum,
1129 3139 1201 3216 quo
1221 3114 1363 3215 fulgent

65 3225 146 3302 Petri
164 3229 411 3320 Successores‚
434 3229 695 3333 delendamque
714 3231 930 3308 catholicam
948 3231 1149 3306 Ecclesiam
1167 3230 1361 3333 ipsumque

64 3339 177 3418 Christi
204 3368 340 3420 nomen
367 3346 406 3420 in
433 3344 499 3420 illa
521 3345 682 3423 viventis
701 3351 739 3422 et
756 3347 956 3448 regnantis.
982 3346 1194 3424 Clarissime
1212 3343 1361 3446 quidem

64 3459 91 3536 id
113 3460 240 3558 passim
269 3463 456 3536 ostensum
484 3466 541 3537 est
568 3463 614 3538 ab
640 3461 794 3566 infensis
823 3461 1013 3564 Subolpiui
1032 3445 1207 3538 Gubernii
1227 3459 1357 3564 gestis3

64 3574 111 3646 sed
135 3575 172 3650 in
195 3576 327 3676 primis
353 3577 400 3653 ab
427 3576 563 3678 iniquis
589 3577 663 3654 illis
690 3577 847 3680 legibus,
870 3579 1002 3679 quibus
1030 3575 1089 3653 vel
1108 3576 1228 3652 clerici
1247 3577 1293 3651 ab
1312 3574 1363 3650 al·

65 3690 184 3766 taribus
209 3690 347 3767 divulsi
375 3716 514 3794 suaque
540 3693 677 3795 privati
710 3695 943 3770 immunitate
970 3692 1016 3770 ad
1047 3691 1216 3769 militiam
1239 3691 1360 3766 vocati

66 3807 221 3899 contre]
243 3807 416 3912 Episcopi
445 3809 592 3911 proprio
620 3811 788 3888 destituti
815 3810 965 3888 fuerunt
992 3807 1195 3886 iuventutis
1214 3807 1360 3884 inst'tu-

68 3921 156 3997 cudae
183 3931 335 4000 munere
362 3925 510 4025 suisque
536 3925 671 4002 alicubi
691 3925 895 4004 seminariis
914 3926 1050 4020 orbati3
1066 3929 1191 4005 tamen
1207 3921 1361 3999 lucidior

68 4033 162 4113 adhuc
185 4038 345 4126 eiusdem
372 4039 513 4116 consilii
541 4041 802 4119 demonstratio
829 4067 927 4119 nuuc
944 4043 1060 4120 Nobis
1079 4039 1286 4118 exhibetur.
1308 4037 1360 4114 Et

68 4154 201 4228 sanein
226 4155 297 4232 hac
322 4156 405 4257 ipsa
423 4157 526 4236 Urbe
544 4157 748 4235 exturbatis
767 4159 813 4235 ob
831 4158 954 4235 oculos
973 4159 1140 4250 Nostros,
1164 4153 1360 4233 autetiam

69 4263 216 4344 violenter
241 4270 402 4372 depulsis
420 4295 440 4347 e
459 4274 607 4374 propria
626 4273 707 4350 sede
727 4273 972 4374 compluribus
989 4270 1171 4375 religiosis
1191 4267 1354 4361 familiis

70 4373 215 4482 bonisque
241 4383 428 4464 Ecclesiae
455 4387 675 4489 gravissimo
693 4389 866 4466 subiectis
884 4388 1033 4482 tributo,
1057 4384 1236 4488 nutuique
1255 4407 1360 4459 man-

70 4492 174 4591 cipatis
189 4501 305 4577 civilis
332 4503 538 4604 potestatis;
559 4503 634 4580 iam
651 4529 749 4581 nunc
768 4505 912 4598 Ooetui‚
934 4509 977 4581 ut
993 4504 1112 4597 aiunt,
1132 4500 1358 4604 Legislativo

72 4611 227 4709 proposita
252 4615 325 4692 fuit
356 4617 416 4693 lex
452 4617 506 4692 illi
545 4641 620 4694 non
656 4617 844 4714 absimilis,
881 4644 986 4722 quae,
1022 4613 1358 4695 nonobstantibus

72 4717 186 4806 Nostris
202 4732 544 4814 denunciationibus
563 4739 600 4816 et
615 4735 846 4834 gravissimis
869 4733 1246 4834 condemnationibus,
1271 4754 1356 4817 eue-
