3238 4940
667 319 801 374 carnari
1327 301 1390 378 leo

83 417 141 479 cias
159 413 293 479 obitum.-
309 425 340 479 et
360 417 399 478 de
419 416 635 480 instantaneo
645 411 852 499 pariliterque
866 425 1037 487 sanatione
1052 421 1197 503 Angelos
1212 423 1395 488 Masonitai

84 535 226 579 ocoocro
247 519 404 579 scirrboso
425 521 512 577 uteri
532 522 756 580 condorusto.»

151 619 347 677 »Decretum
369 616 544 676 huiusmodi
572 617 689 694 publici
717 617 797 678 iuris
824 618 893 678 fleri
922 624 955 680 st
983 621 1015 680 in
1044 624 1125 683 Acta
1152 623 1318 686 Sacrorum
1340 622 1398 683 Ri-

84 719 160 774 toum
180 714 438 793 congregationis
463 713 576 774 referri
591 716 763 778 mandarit.
780 717 1016 780 Decimoootavo
1035 720 1191 784 Kalendas
1202 721 1398 801 Septembris

84 813 154 874 Anni
174 814 467 876 succensum.»

208 925 242 985 (l.
259 923 362 1001 Episc.
379 924 500 987 Ostien.
512 926 546 985 at
560 925 716 988 Velitern.
733 927 824 990 card.
840 929 974 991 Purarzr
994 929 1027 991 S.
1044 932 1083 992 R.
1099 933 1132 994 O.
1148 931 1254 993 Praei.

150 1019 231 1080 Loco
250 1024 284 1092 »Β
301 1016 390 1096 Signi

738 1099 778 1163 D.
795 1101 964 1163 Bartolini
984 1102 1016 1164 S.
1034 1103 1075 1164 R.
1093 1102 1126 1164 G.
1142 1104 1353 1166 secretarius.

84 1251 219 1310 Romana
239 1266 303 1310 seu
322 1253 488 1310 Albanen.
509 1253 782 1312 Beatitlcationis
809 1257 846 1312 et
873 1255 1148 1314 canonizationis
1174 1255 1395 1314 Venerabilis

151 1349 242 1406 servi
264 1351 329 1407 Dei
356 1349 520 1419 Gasparts
546 1352 610 1407 Del
630 1351 752 1409 Bufalo
781 1353 945 1410 canonici
973 1353 1144 1411 Basilicas
1164 1355 1198 1409 s.
1213 1353 1323 1410 Marci
1352 1355 1396 1409 de

151 1446 238 1502 Urbe
260 1447 296 1500 et
309 1445 524 1503 Institatorls
539 1445 819 1514 congregationis
832 1447 1126 1505 Misetonariorum
1147 1445 1396 1505 Pretioslssimt

151 1540 331 1608 sanguinis
351 1541 490 1598 Domini
509 1541 628 1598 Nostri
649 1543 730 1600 Iesu
751 1543 892 1600 christi.

152 1663 336 1724 Dnoanrun.
356 1663 452 1720 «Per
472 1661 681 1736 particulares
701 1661 843 1722 Litteras
864 1663 956 1722 huius
977 1663 1144 1723 Sacrorum
1166 1653 1296 1725 Rituum
1317 1662 1401 1725 Gon·-

88 1759 262 1835 gregaticuis
289 1759 466 1818 iniunctum
494 1758 556 1818 fuit
583 1759 821 1835 quamplurimis
847 1759 976 1822 Revrr'ris
1002 1761 1178 1822 ordinariis
1209 1759 1395 1840 praesertim

88 1855 251 1917 Pontificius
265 1856 400 1917 Ditionis
415 1859 448 1914 et
457 1857 558 1934 Regni
570 1857 771 1933 Neapolitani
784 1861 819 1918 ut
833 1859 924 1919 iuxta
934 1859 1160 1919 instructiones
1174 1861 1212 1920 R.
1225 1859 1260 1918 P.
1270 1860 1306 1919 D.
1320 1860 1397 1917 San-

87 1957 144 2010 ctae
163 1953 250 2012 Fidei
270 1953 464 2013 Promotoris
483 1952 617 2014 Litteris
636 1953 711 2029 ipsis
733 1954 870 2014 adiectas
891 1956 921 2014 in
939 1955 1133 2016 Dioecesibus
1148 1955 1207 2014 sibi
1221 1953 1394 2014 commissis

89 2049 309 2126 diligentissime
331 2051 550 2129 perquirerent
570 2051 673 2112 omnia
693 2054 725 2110 et
746 2051 871 2128 singula
891 2051 1021 2128 scripta,
1043 2051 1200 2130 Epistolas
1220 2056 1253 2112 et
1273 2055 1396 2111 coetera

89 2150 302 2222 quomodolibet
322 2150 444 2209 tributa
463 2150 542 2208 Van.
560 2149 658 2208 Servo
679 2148 733 2209 Dei
756 2149 887 2224 Gaspari
910 2150 965 2210 Del
979 2149 1091 2209 Bulalo
1111 2149 1262 2226 praefato.
1283 2147 1397 2208 Huius·

89 2245 156 2304 modi
170 2247 321 2308 mandatis
335 2245 568 2324 religiosissime
582 2250 755 2323 paruerunt
768 2247 861 2305 iidem
876 2243 986 2308 Revrdi
997 2247 1209 2320 Ordinarii,st
1224 2246 1398 2323 inquisitio-

90 2359 133 2401 nes
152 2345 178 2402 in
200 2345 384 2422 respectivis
410 2344 606 2406 Dioecesibns
634 2344 843 2403 instituerunt
870 2345 908 2405 ad
937 2343 1114 2403 huiusmodi
1139 2343 1248 2403 finem:
1273 2341 1397 2419 singula

91 2457 153 2500 reso
171 2445 286 2521 scripta
307 2461 386 2520 qnae
406 2443 517 2504 barum
541 2442 776 2520 diligentiorum
798 2460 854 2518 ope
876 2443 982 2502 datum
1003 2448 1053 2502 est
1073 2440 1206 2519 reperiri
1224 2441 1395 2501 adsacrum

91 2536 172 2613 ipsam
191 2541 320 2602 Ritunm
342 2540 619 2617 Gongregationem
637 2541 880 2600 transmiserunt
900 2542 933 2599 et
953 2557 1059 2600 eorum
1076 2539 1204 2616 plurimi
1225 2539 1319 2599 etiarn
1341 2557 1398 2629 au-

92 2639 227 2698 theoticos
259 2643 455 2716 peractarum
487 2638 722 2714 diligentiarnm
754 2637 983 2698 Processicnlos
1014 2637 1141 2713 scriptis
1172 2639 1395 2696 adiunxerant.

92 2735 198 2812 Scripta
218 2738 322 2814 itaque
345 2737 469 2814 singula
490 2740 616 2812 reperta
636 2740 669 2797 et
690 2736 830 2813 legitime
851 2739 1002 2812 producta
1015 2739 1089 2795 sunt
1104 2741 1203 2819 (quae
1217 2744 1398 2814 sequuntur

93 2834 123 2890 ir
140 2839 275 2912 omologo
293 2851 353 2911 per
374 2837 471 2894 series
491 2836 690 2911 singillatim
709 2835 881 2893 distinctos
898 2851 957 2910 per
979 2833 1037 2893 CX
1049 2831 1217 2911 popinas).

155 2933 257 2992 »Gom
278 2931 386 3008 itaque
407 2931 600 3006 subscriptus
621 2929 797 2990 Cardinalis
818 2932 983 2990 Sacrorum
1005 2931 1137 2992 Rilunm
1151 2929 1395 3008 congregationi

94 3026 252 3090 Praefectus
273 3033 306 3090 et
328 3029 420 3088 huius
449 3030 565 3089 Oansae
591 3029 713 3087 Ponens
740 3027 939 3104 proposuerit
964 3028 1090 3088 dubium
1118 3043 1212 3106 super
1239 3027 1397 3088 revisioue

95 3126 259 3203 scriptorum
282 3129 362 3187 Ven.
378 3126 434 3188 Dei
455 3126 554 3186 Servo
576 3125 767 3185 tributorum
790 3125 821 3183 in
846 3127 1003 3185 ordinario
1018 3127 1114 3186 Coetu
1128 3127 1265 3187 eiusdem
1283 3128 1397 3188 Sacrae

95 3224 329 3303 Congregatioois
351 3223 533 3302 subsignata
554 3223 603 3282 dis
625 3226 663 3283 ad
686 3224 852 3284 Vaticanas
874 3226 973 3284 Aedes
994 3226 1179 3296 coadunato,
1198 3242 1328 3302 cumque
1349 3243 1399 3284 re·

95 3321 188 3382 tulerit
208 3323 285 3383 nihil
307 3341 326 3382 a
345 3321 511 3398 Deputatis
532 3321 716 3382 censorinus
737 3325 894 3397 repertum
918 3321 1011 3382 luisse
1033 3323 1064 3382 in
1079 3323 1204 3398 scriptis
1218 3323 1294 3399 ipsis
1315 3324 1396 3400 quod

96 3416 219 3479 ulteriori
240 3420 379 3480 eiusdem
393 3420 509 3480 Causae
528 3417 763 3495 prosequutioni
785 3417 906 3476 officere
927 3419 1038 3494 possit3
1061 3415 1129 3479 Eriri
1150 3424 1184 3479 et
1204 3417 1317 3480 Revrr‘ri
1338 3421 1399 3482 Pa·

97 3521 146 3576 tres
162 3520 254 3580 sacris
276 3518 400 3579 tuendis
421 3518 546 3579 thibns
565 3515 736 3594 praepositi
757 3516 897 3576 omnibus
912 3523 1034 3578 mature
1049 3523 1253 3595 accurateque
1267 3536 1397 3597 perpen-

97 3613 135 3688 sis,
154 3619 312 3696 auditoque
334 3636 410 3678 voce
432 3621 465 3677 et
485 3617 603 3694 scripto
625 3619 663 3677 R.
682 3616 716 3675 P.
734 3620 769 3676 D.
788 3617 883 3675 Petro
906 3617 1032 3677 Minetti
1055 3618 1185 3677 Sanctae
1207 3619 1294 3677 Fidei
1317 3621 1397 3678 Pro·

97 3717 194 3774 notare
212 3715 441 3775 rescribendum
463 3717 669 3773 censuerunt:
692 3712 785 3771 Nihil
805 3713 929 3771 obstare
956 3716 1127 3789 quominus
1143 3715 1276 3788 procedi
1292 3717 1396 3790 possit

99 3812 130 3866 nd
145 3815 310 3884 ulteriora,
332 3821 493 3874 reservato
515 3815 585 3872 iure
606 3813 789 3870 Promotori
810 3811 906 3870 Fidei
929 3811 1104 3872 obiiciendi
1123 3813 1153 3868 si
1178 3820 1208 3869 et
1235 3820 1396 3887 quatenus

100 3907 126 3967 dc
143 3912 212 3972 iure.
227 3913 282 3973 Die
302 3911 322 3973 5
342 3911 453 3973 Martii
475 3911 563 3971 1870.
581 3911 681 3987 Super
701 3910 811 3986 quibus
834 3909 976 3968 omnibus
991 3909 1074 3968 faeta
1089 3911 1283 3985 postmodum
1298 3907 1395 3968 SSmo

100 4004 201 4067 Domim
213 4009 328 4072 Nostro
342 4008 399 4068 Pio
413 4009 515 4084 Papae
530 4008 574 4066 IX
588 4021 644 4083 per
658 4005 890 4082 infrascriptum
904 4005 1116 4065 substitutum
1132 4004 1327 4066 Secretariae
1341 4007 1397 4066 Sa·

101 4115 154 4161 orae
170 4104 297 4166 clamem
313 4103 571 4181 congregationis
585 4101 671 4162 fideli
686 4101 854 4176 relatione,
870 4103 1028 4162 Sanctitas
1043 4103 1106 4160 Sua
1127 4102 1257 4178 benigne
1271 4103 1395 4176 annuit,

101 4195 330 4279 Rmcriptumqne
358 4201 472 4262 Sacrae
499 4199 757 4278 congregationis
784 4199 969 4277 adprobavit
995 4203 1028 4258 et
1048 4198 1257 4259 confirmavit.
1280 4199 1335 4260 Die
1358 4201 1396 4261 10

102 4293 187 4357 iisdem
203 4301 305 4362 Mense
325 4304 359 4361 et
378 4303 480 4362 Anno.
501 4301 652 4362 Praesens
672 4301 837 4361 Decretum
864 4300 1043 4377 expeditum
1064 4298 1126 4359 luit
1150 4299 1207 4358 hac
1229 4299 1278 4358 dia
1298 4299 1319 4361 9
1339 4300 1394 4360 Se·

103 4393 226 4463 plembris
246 4399 363 4460 1872.»

214 4519 247 4580 0.
262 4519 364 4597 Episc.
382 4517 503 4580 Ostien.
519 4519 553 4580 et
566 4510 724 4578 Velitern.
739 4517 831 4580 Gurd.
847 4517 980 4578 Perurzr
1001 4517 1033 4580 S.
1050 4519 1089 4580 R.
1105 4519 1140 4579 (t.
1155 4515 1261 4578 Praei.

195 4623 441 4706 laoeofflSigilli
1400 4680 1403 4685 .

578 4704 644 4766 Pro
665 4704 706 4765 R.
722 4703 762 4763 P.
778 4701 817 4764 D.
836 4703 1002 4767 Domioieo
1022 4705 1193 4767 Bortolioi
1214 4705 1395 4766 secretorio

728 4801 879 4880 Iosephus
901 4801 1056 4866 Ciocolr'ui
1076 4805 1287 4866 Substitutus.
