3238 4940
642 363 789 420 iuuenco.
1301 337 1363 414 lto

72 466 226 550 cadavera
267 463 313 548 ad
341 492 534 546 commune
576 467 834 544 coemeterium
861 465 1049 560 deferant,
1082 461 1138 542 ita
1173 491 1220 543 ex
1247 467 1372 543 eadem

71 590 192 664 ratione
216 588 423 676 dicendum,
446 585 547 666 idem,
567 607 674 685 posse
702 583 940 686 capellanum
966 583 1196 664 monialium.

135 704 227 778 llaec
253 691 473 804 argumenta
500 727 522 778 a
548 699 748 802 Capellauo
781 698 1005 776 monialium·
1041 699 1197 775 adducta
1224 695 1372 774 uberius

74 845 108 893 ex
132 818 243 894 officio
270 817 488 894 confirmata
514 815 679 892 fuerunt.
702 815 1009 892 Animadversum
1037 814 1133 891 enim
1162 819 1229 906 est.
1267 812 1374 888 fune-

74 936 139 1006 lues
163 931 366 1007 functiones
393 931 646 1008 Parochorum
686 931 856 1034 proprias
884 956 964 1006 esse
994 954 1062 1005 ceu
1104 956 1150 1008 ex
1187 929 1369 1006 Clemeut.

76 1050 211 1125 uuum
236 1051 282 1125 de
308 1049 446 1152 sepult.
469 1051 508 1124 et
535 1048 780 1124 communiter
807 1051 976 1122 auctores
1002 1045 1160 1138 tradere,
1183 1045 1240 1121 ita
1265 1047 1308 1121 ut
1332 1043 1374 1120 in

74 1165 162 1239 lubio
187 1189 251 1266 pro
279 1164 459 1240 Parochis
496 1164 545 1240 sit
570 1165 887 1266 respondendum,
925 1166 968 1238 ut
994 1187 1077 1237 cum
1104 1161 1186 1238 aliis
1226 1160 1375 1261 scripsit

73 1278 238 1356 lleuedict.
261 1279 350 1356 XlV
369 1279 499 1356 Iustit.
522 1280 609 1355 ecel.
642 1279 729 1354 105
763 1280 802 1378 ἓ.
838 1277 883 1354 3.·
917 1275 1031 1354 habet
1056 1277 1155 1354 enim
1183 1276 1374 1354 Parochus

73 1393 292 1470 intentionem
318 1395 359 1469 in
386 1395 465 1469 iure
494 1391 699 1470 fundatam.

136 1512 199 1596 Sed
225 1511 319 1586 certi
337 1509 427 1586 iuris
455 1534 600 1610 quoque
618 1536 710 1602 esse,
734 1507 950 1586 monialium
969 1509 1247 1588 Confessarium
1275 1509 1374 1585 intra

75 1626 265 1700 monasterii
294 1633 399 1727 septa
426 1615 616 1724 tamquam
643 1625 854 1702 Paroehum
881 1624 1080 1719 aestimari,
1120 1649 1201 1701 cum
1230 1649 1275 1700 ex
1303 1624 1374 1726 pri—

73 1739 185 1840 uilegio
228 1739 472 1844 exemptionis
511 1742 775 1818 monasterium
817 1743 863 1818 ab
909 1741 1010 1817 omni
1054 1741 1134 1818 iure
1174 1739 1374 1844 paroeciali

72 1863 171 1931 uacet.
192 1855 250 1934 Sic
278 1883 325 1933 ex
351 1883 409 1960 gr.
433 1856 581 1933 Samuel
608 1858 653 1933 de
678 1859 814 1959 sepult.
839 1867 950 1933 tract.
974 1857 998 1932 1
1021 1858 1138 1933 rouel.
1169 1857 1216 1938 2:
1253 1857 1373 1933 ‹Mo-

77 1970 247 2046 ›uialium
275 1973 500 2049 monasteria
517 1973 682 2074 gaudent
708 1969 902 2074 privilegio
921 1971 1165 2074 exemptionis
1193 1969 1374 2048 aiuribus
1447 2033 1450 2044 .

78 2086 299 2162 ›Perochiae
318 2087 417 2163 intra
445 2112 557 2188 quam
584 2091 672 2164 sunt
691 2087 895 2176 aedificata,
920 2111 1090 2164 concesso
1110 2087 1279 2162 omnibus
1296 2086 1374 2163 Re-

75 2199 286 2294 ›pularibus
314 2203 506 2301 utriusque
533 2226 656 2295 sexus,
694 2203 825 2301 quibus
853 2201 1107 2280 Confessarius
1134 2201 1286 2304 proinde
1312 2201 1375 2277 de-

76 2317 215 2412 ›putari
244 2315 349 2412 solet,
387 2317 452 2416 qui
479 2322 670 2418 tamquam
697 2316 889 2395 Parochus
930 2320 1054 2394 omnia
1081 2320 1311 2395 sacramenta
1337 2320 1375 2392 et

78 2431 324 2531 »sepulturam
365 2433 612 2511 administrat.
648 2464 666 2506 ι»
696 2435 793 2510 Hinc
820 2461 924 2530 esse,
957 2443 1101 2512 utnon
1128 2461 1151 2511 a
1186 2433 1368 2525 Paroch0,

73 2545 121 2618 sed
146 2550 187 2623 ab
213 2548 379 2649 ipsarum
407 2548 640 2627 Confessario
666 2550 842 2649 exequiae
869 2549 943 2625 sint
957 2550 1214 2651 peragendae,
1235 2573 1302 2624 ceu
1320 2571 1373 2622 re-

72 2664 193 2759 spondit
222 2665 261 2741 S.
285 2665 335 2741 R.
357 2663 401 2741 O.
423 2665 462 2740 in
495 2662 739 2741 Camerinan.
768 2667 827 2741 die
859 2665 906 2742 lli
943 2667 1073 2742 Martii
1105 2662 1220 2756 18083
1242 2687 1375 2765 propo·

73 2778 129 2851 sito
151 2780 244 2855 enim
272 2779 396 2857 dubio:
420 2777 441 2853 ⁸«
465 2783 561 2859 Num
589 2773 731 2858 scilicet
758 2787 943 2884 competat
968 2781 1204 2862 Confessario
1231 2781 1374 2858 monia-

75 2892 180 2970 ›lium
209 2897 266 2973 ius
294 2897 426 2998 agendi
456 2898 630 2998 exequias
658 2923 769 3001 super
796 2899 1033 2976 cadaveribus
1060 2897 1294 2990 monialium;
1324 2921 1372 2974 an

76 3035 179 3088 »vero
203 3014 370 3115 praefato
401 3013 584 3117 Capitulo:
625 3043 643 3088 r
678 3041 893 3120 responsum
920 3015 1070 3118 prodiit:
1108 3015 1374 3090 celebrationes

73 3137 304 3228 amputarunt
332 3137 502 3234 spectare
543 3133 594 3206 ud
627 3130 926 3234 'confessarium
953 3157 1031 3234 pro
1071 3142 1250 3232 teuqoore.
1282 3129 1374 3205 Item

74 3241 102 3316 S.
121 3244 360 3350 Congregatio
388 3248 492 3350 Epis.
515 3251 553 3324 et
580 3249 676 3349 Reg.
700 3249 738 3323 in
772 3248 940 3324 Treuero.
968 3247 1025 3324 die
1052 3244 1104 3322 30
1131 3246 1224 3324 Maii
1256 3245 1369 3334 1856,

74 3359 159 3434 errius
183 3387 316 3440 causae
344 3363 436 3439 haec
454 3369 536 3439 crat
561 3363 650 3439 lacti
671 3363 823 3465 species.
846 3360 1155 3465 Archiepiscopus
1181 3361 1220 3437 iu
1244 3361 1283 3439 S.
1306 3363 1375 3440 Vi-

74 3472 222 3553 sitatione
249 3477 289 3556 in
317 3481 407 3556 rerba
443 3479 631 3557 Barlettae
667 3481 878 3557 decreverat
908 3479 1190 3556 associationem
1223 3480 1375 3554 cadave-

74 3611 138 3664 rum
162 3615 415 3694 personarum,
452 3620 547 3696 quae
574 3596 674 3672 intra
701 3595 862 3672 claustra
903 3595 1209 3673 monasteriorum
1237 3595 1375 3671 sancti·

74 3705 265 3783 monialium
293 3709 444 3810 degunt,
467 3708 548 3785 fieri
574 3710 704 3787 debere
730 3736 752 3787 a
779 3710 1012 3789 Confessario
1041 3710 1219 3810 cuiusque
1246 3733 1374 3786 mona-

75 3820 168 3911 sterii,
188 3846 260 3898 non
288 3828 413 3900 autem
440 3851 462 3902 a
488 3823 657 3902 Parocho
685 3825 756 3901 loci
783 3825 822 3900 in
849 3851 922 3928 quo
950 3825 1215 3916 monasterium
1244 3825 1372 3901 existe-

75 3939 128 4007 ret.
147 3937 352 4040 Capitulum
380 3940 609 4033 reclamavit,
633 3941 835 4037 affirmans,
859 3968 881 4017 a
909 3947 1071 4043 tempore
1090 3939 1372 4016 immemorabili

76 4071 104 4120 te
125 4049 248 4130 habere
276 4059 313 4130 et
340 4059 551 4133 constanter
579 4081 747 4133 exercere
775 4057 831 4134 ius
856 4056 1129 4159 transportandi
1156 4055 1372 4132 monialium

76 4165 227 4246 cadauera
254 4195 276 4245 a
302 4171 415 4246 ianua
442 4172 654 4248 monasterii
683 4172 728 4248 ad
755 4172 930 4274 templum
957 4171 1031 4275 ipsi
1058 4171 1281 4248 monasterio
1309 4196 1403 4246 ex-·

75 4281 209 4360 ternum:
231 4310 341 4386 quam
369 4285 668 4362 consuetudinem
696 4287 933 4388 comprobare
966 4286 1133 4379 studuit,
1169 4286 1298 4364 saltem
1325 4287 1371 4360 ab

77 4414 153 4474 enno
181 4397 272 4475 toul
319 4402 506 4500 usquead
548 4426 685 4478 annum
718 4399 833 4478 1849.
869 4401 1064 4503 Proposito
1098 4406 1221 4480 autem
1261 4401 1371 4477 dubio
1475 4441 1479 4450 ⁴

78 4527 175 4588 corum
201 4516 240 4592 S.
257 4514 301 4591 C.
324 4515 431 4616 Epis.
452 4518 490 4589 et
517 4516 614 4617 Regu
641 4543 659 4585 e
697 4516 759 4592 An
786 4519 823 4591 et
850 4516 895 4592 ad
921 4540 1030 4616 quem
1061 4516 1243 4617 pertineat
1270 4539 1370 4590 asso·

82 4623 204 4708 ’olatio
239 4629 457 4710 cadaverum
494 4629 711 4710 monialium
752 4633 789 4712 et
828 4631 1028 4711 celebratio
1064 4630 1301 4737 exequiarum
1329 4628 1369 4710 iu
