3338 4962
630 913 844 974 H'PURAE
864 913 1160 976 neosuomcnn

429 1111 479 1174 De
499 1109 680 1170 Vicariatu
700 1113 901 1180 apostolico
922 1128 983 1182 pro
1005 1114 1114 1172 saeris
1135 1111 1363 1175 missionibus

731 1209 871 1269 Africae
892 1212 1069 1270 centralis.

707 1443 850 1526 PIUS
892 1447 981 1524 Pl‘.
1017 1446 1088 1524 IX.

603 1627 652 1680 Ao
680 1627 857 1682 FUTURAM
886 1629 949 1682 REI
975 1629 1185 1684 uuuoRmm.

322 1901 339 1942 ‹
361 1869 415 1946 dd
435 1869 661 1948 Catholicam
680 1872 807 1950 Fidem
827 1871 923 1951 inter
937 1874 1089 1976 populos
1099 1872 1284 1951 interioris
1294 1871 1440 1950 Africae
1456 1873 1561 1952 inda·

239 1987 388 2062 cendam
418 1988 763 2088 propagandamque
792 1987 941 2066 elaea.
954 1991 1155 2093 Gregorius
1174 1991 1265 2068 XVI
1292 1991 1468 2066 Decessor
1489 1992 1562 2066 No-

240 2109 326 2195 ster,
351 2100 426 2177 suis
444 2101 596 2178 Litteris
614 2102 834 2204 Apostolicis
852 2105 909 2180 die
929 2105 977 2180 Ill
995 2107 1133 2208 Aprilis
1152 2129 1249 2181 anno
1263 2103 1563 2181 MDCCOXLVI

238 2217 331 2294 datis
359 2217 586 2294 Vicariatum
605 2219 856 2319 Apostolioum
886 2219 1034 2296 Africae
1062 2219 1236 2297 centralis
1254 2219 1384 2309 erexit,
1408 2219 1564 2320 eiusque

239 2334 417 2408 terminos
445 2358 510 2434 per
527 2334 668 2409 easdem
688 2333 847 2411 Litteras
869 2336 1118 2438 praescripsit.
1142 2336 1251 2411 Modo
1276 2337 1412 2424 autem,
1437 2339 1479 2410 ut
1499 2339 1566 2409 llr-

238 2449 345 2524 miori
372 2449 516 2525 ratione
544 2448 750 2526 Vicariatui
778 2448 892 2525 cidem
920 2451 1202 2553 prospiciamus,
1237 2452 1274 2525 et
1310 2448 1426 2524 satius
1464 2475 1565 2525 sem-

238 2563 405 2665 piternae
432 2565 578 2641 illarum
605 2566 770 2666 gentium
798 2567 908 2644 saluti
936 2565 1190 2660 consulamuS,
1221 2565 1259 2640 in
1287 2587 1367 2640 eam
1400 2568 1563 2640 mentem
1667 2555 1668 2578 ³

239 2680 418 2771 venimus,
442 2683 484 2755 ut
510 2682 676 2756 eumdem
705 2681 936 2758 Vioariatum
964 2682 1139 2758 hactenus
1166 2679 1334 2783 precario
1353 2703 1463 2754 curae
1484 2681 1566 2755 Vc-

239 2791 413 2868 nerabilis
441 2793 581 2870 Fratris
616 2797 746 2874 Aloisii
782 2795 929 2875 Giurcia
964 2794 1239 2897 Archiepiscopi
1274 2794 1561 2896 irenopolitani,

239 2913 275 2984 et
303 2908 442 2984 Vicarii
473 2908 676 3010 Apostolici
703 2912 865 3014 Aegypti
892 2913 1194 3006 commendatum,
1223 2915 1261 2988 et
1288 2909 1458 2986 Fratrum
1488 2913 1566 2986 Mi-

238 3048 368 3099 norum
397 3023 547 3099 Ordinis
575 3024 613 3100 S.
636 3025 821 3103 Francisci
850 3025 1158 3101 administrationi
1191 3025 1388 3117 creditum,
1420 3023 1566 3100 dilectis
1666 3017 1667 3052 ³

238 3139 323 3215 filiis
351 3139 604 3216 Sacerdotibus
633 3142 858 3218 Veronensis
885 3141 1049 3217 instituti
1076 3141 1294 3222 blissionum
1330 3164 1396 3240 pro
1432 3140 1566 3239 Nigris

238 3256 437 3356 regendum
466 3281 509 3332 ac
535 3259 804 3358 procurandum
830 3258 1101 3333 demandemus
1124 3255 1244 3344 Quare
1266 3280 1404 3348 omnes,
1429 3259 1465 3330 et
1484 3256 1566 3331 sin-

238 3369 353 3468 pulos,
379 3371 512 3472 quibus
539 3371 609 3447 bae
636 3372 797 3448 Litterae
825 3373 981 3449 Nostrae
1000 3372 1137 3463 favent,
1161 3369 1333 3472 peculiari
1353 3369 1566 3446 beneficen-

238 3485 290 3559 tia
316 3487 485 3587 prosequi
522 3486 708 3579 volentes,
741 3491 777 3564 et
813 3513 836 3564 a
872 3487 1059 3590 quibusvis
1095 3484 1485 3562 excommunicationis
1526 3495 1566 3562 et
1665 3519 1666 3564 ;

237 3599 434 3694 interdicti,
468 3601 621 3704 aliisque
649 3601 902 3679 ecclesiasticis
930 3603 1105 3696 censuris,
1139 3600 1341 3688 sententiis,
1365 3602 1403 3674 et
1429 3603 1565 3701 poenis

235 3715 365 3813 quovis
392 3717 518 3810 modo,
549 3717 609 3792 vel
635 3718 764 3820 quavis
791 3719 833 3794 de
860 3744 970 3794 causa
995 3717 1102 3811 latis,
1135 3718 1166 3792 si
1193 3739 1287 3817 quas
1314 3713 1408 3789 forte
1436 3715 1567 3792 incur-

235 3830 363 3925 rerint,
398 3831 508 3910 huius
535 3836 681 3910 tantum
708 3833 760 3909 rei
789 3834 910 3935 gratia
936 3833 1178 3923 absolventes,
1203 3836 1240 3906 et
1266 3829 1451 3907 absolutos
1480 3830 1565 3909 fore

234 3949 447 4041 censentes,
470 3948 729 4025 Venerabilem
757 3949 925 4025 Fratrem
962 3948 1285 4049 Arcbiepisoopum
1321 3946 1563 4049 lrcnopolita-
1664 3979 1665 4022 3

234 4086 323 4136 num
361 4067 399 4139 et
434 4063 626 4140 Vicarium
666 4063 915 4164 Apostolieum
957 4063 1119 4166 Aegypti
1160 4089 1182 4138 a
1223 4086 1311 4139 cura
1346 4061 1564 4140 Vicariatus

235 4176 382 4255 Africae
410 4177 604 4271 centraliS,
636 4183 674 4254 et
699 4178 850 4255 dilectos
879 4180 974 4255 filios
1002 4181 1149 4256 Fratres
1184 4175 1332 4253 Ordinis
1369 4176 1563 4256 Minorum

235 4292 273 4369 S.
292 4293 488 4388 Francisoi,
513 4295 559 4370 ab
587 4295 746 4371 eiusdem
774 4293 985 4370 Vicariatus
1012 4291 1345 4385 administratione,
1367 4315 1441 4392 qua
1459 4317 1562 4371 unus

234 4409 271 4482 et
298 4407 405 4484 alteri
433 4434 515 4485 oum
544 4409 650 4484 lande
670 4411 708 4484 et
727 4411 848 4485 studio
876 4408 1037 4486 defuncti
1056 4411 1156 4500 sunt,
1180 4407 1329 4482 omnino
1356 4407 1561 4486 liberamus
1663 4467 1664 4488 l

233 4521 442 4622 dictumque
470 4523 702 4600 Vicariatum
729 4523 876 4600 Africae
908 4523 1103 4617 centralis,
1136 4522 1283 4623 dempta
1317 4521 1562 4603 Praefectura

232 4638 275 4718 dc
302 4635 457 4740 Sobara,
479 4639 522 4718 de
550 4636 701 4716 oonsilio
730 4637 843 4720 etiam
872 4639 958 4720 VV.
980 4637 1153 4720 Fratrum
1179 4639 1397 4720 Nostrorum
1425 4638 1463 4720 S.
1483 4637 1560 4724 Eo-

381 4871 413 4920 tn.
