3238 4940
519 277 664 332 nzsrorsr
691 279 833 332 mmmm.
1281 255 1342 334 tib

50 375 112 456 siae
134 371 266 482 proprii
293 371 442 456 Ordinis
471 379 643 482 occupati
669 379 920 471 inveniantur,
953 379 991 457 et
1016 375 1212 481 praecipue
1240 375 1271 452 si
1300 377 1345 452 ad

50 521 114 570 eam
138 495 296 595 quotidie
324 495 555 587 conveniant,
587 497 629 570 ut
655 495 694 569 in
721 495 763 571 2⁰
781 494 918 570 dietum
946 495 1027 570 estt

117 611 233 686 >Non
260 633 346 685 raro
373 609 509 702 evenit,
541 609 636 710 quod
664 609 892 686 Gubernium
911 607 1026 685 'civile
1053 608 1113 686 vet
1140 605 1347 709 Municipia

52 733 117 828 post
140 727 428 801 consummatam
447 723 722 826 usurpationem
749 723 984 800 eeclesiarum
1010 727 1048 800 et
1065 726 1256 800 domorum
1274 725 1346 800 Re·

53 842 234 940 putarium‚
268 839 437 918 ecclesias
466 841 567 942 ipsas
595 844 632 917 et
659 839 820 942 aliquam
848 845 990 942 partein
1025 842 1153 918 domus
1185 839 1343 917 Ordina-

56 957 104 1031 riis
129 957 208 1050 loci,
240 955 300 1031 vel
326 953 507 1032 Paroehis
540 955 767 1048 concedunt,
799 956 911 1032 etiam
938 980 1021 1032 cum
1049 954 1255 1033 conditione
1284 979 1349 1031 ex-

54 1097 167 1171 pressa,
198 1071 364 1172 erigendi
392 1071 432 1146 in
457 1070 565 1147 dictis
604 1068 769 1148 ecclesiis
809 1071 1038 1174 paroeciam,
1069 1070 1129 1147 vel
1156 1094 1349 1147 succursa-

54 1185 107 1260 lem
132 1187 346 1288 paroeciae:

116 1302 310 1387 Quaeritur
329 1301 383 1376 8⁰:
405 1302 466 1378 An
483 1300 670 1379 Ordinarii
696 1301 871 1398 locorum,
894 1307 933 1381 et
950 1301 1062 1379 etiam
1088 1300 1266 1392 Parecbi‚
1290 1298 1345 1375 uti

55 1417 167 1516 possint
186 1418 231 1493 ad
250 1441 357 1493 suum
375 1414 643 1517 beneplacitum
664 1417 772 1495 dictis
798 1417 974 1512 eeclesiis,
998 1417 1057 1493 vet
1075 1415 1242 1494 domibus
1275 1412 1345 1490 sibi

55 1533 89 1603 ab
111 1532 384 1634 usurpatoribus
410 1533 610 1626 concessis,
644 1556 693 1608 an
720 1534 844 1636 potius
884 1535 1082 1609 teneantur
1114 1529 1285 1606 ecclesias
1313 1527 1351 1602 et

56 1647 158 1723 (turnus
189 1648 450 1750 Superioribus
471 1647 741 1750 Regularibus,
770 1649 816 1724 ad
847 1674 938 1750 quos
966 1649 1009 1724 de
1035 1648 1115 1724 iure
1142 1645 1345 1748 pertinent,

55 1763 249 1840 restitueret
606 1858 610 1866 1
1029 1830 1034 1840 ,

121 1879 357 1968 >Quaeritur
376 1879 431 1957 9⁰:
453 1881 514 1957 An
540 1879 580 1957 in
608 1905 694 1956 casu
728 1905 800 1983 quo
828 1885 960 1985 agatur
1000 1883 1043 1958 de
1075 1878 1257 1956 erectione
1284 1903 1350 1979 pa-

53 1996 183 2090 roeciae,
214 1995 275 2071 rel
316 1996 533 2074 suecursatis
564 1997 755 2098 paroeciae
792 1998 832 2074 in
867 1997 976 2074 dictis
1016 1996 1200 2088 eeclesiis,
1233 1993 1351 2096 possit

53 2109 249 2186 (bitinacius
277 2110 349 2188 toci
376 2113 585 2214 paroeciam
612 2113 673 2189 vel
699 2114 943 2190 succursalem
979 2111 1132 2214 erigere,
1161 2110 1351 2213 ipsamque

51 2227 225 2324 providere
252 2227 539 2330 independenter
565 2253 588 2304 a
615 2228 809 2328 Superiore
837 2227 1036 2330 Regulam,
1069 2251 1117 2303 an
1144 2226 1267 2330 potius
1294 2230 1350 2299 te-

52 2347 164 2417 neatur
191 2345 312 2446 ipsam
339 2343 559 2444 paroeciam,
584 2346 649 2420 aut
666 2344 911 2421 succursatem
930 2343 1071 2444 erigere
1104 2347 1141 2418 et
1159 2339 1350 2443 providere

53 2457 230 2534 seeundum
249 2460 395 2534 modum
415 2459 685 2561 praescriptum
711 2461 756 2536 ab
774 2459 995 2562 Apostotieis
1014 2456 1349 2539 Constitutionibus

52 2597 104 2672 pro
128 2576 304 2676 paroeciis
331 2576 642 2676 Regularium‘i>

115 2690 234 2768 Saena
254 2693 591 2787 Ponsrruurmnm,
616 2695 757 2768 mature
777 2692 967 2795 perpensis
987 2691 1179 2793 expositis,
1203 2686 1349 2764 censuit

52 2807 346 2904 respondendum:
817 2877 821 2884 .

116 2921 168 2996 nd
195 2922 223 2997 I.
248 2923 475 2998 Praedictes
495 2924 685 3008 ecciesiae,
706 2951 749 2996 ae
771 2924 915 3008 domos,
937 2949 1004 2998 aea
1033 2947 1110 2996 aere
1135 2921 1354 3022 Retipioses

53 3034 172 3113 ibidem
199 3037 376 3140 depeates
404 3039 534 3114 eadem
563 3044 804 3114 imrmmitate
838 3039 1009 3141 paudere
1036 3063 1060 3114 a
1090 3036 1355 3111 iurisdictione

57 3148 259 3238 Orrtr'aorii,
289 3181 365 3255 pua
393 3165 505 3228 antea
530 3155 780 3255 fruebantur.

117 3267 169 3343 dd
195 3269 240 3344 ΙΙ.
269 3269 465 3353 Oreateaus
492 3269 684 3372 praedicti
713 3271 961 3373 Itrpatares,
992 3275 1060 3371 pai
1090 3268 1133 3344 ob
1168 3268 1352 3368 defectum

54 3381 294 3471 babitatioreis,
324 3389 384 3461 eet
410 3379 631 3461 violentiam
650 3388 905 3486 probibentur
928 3387 1103 3460 babitare
1124 3390 1227 3458 iecra
1247 3383 1352 3457 elaa-

54 3507 134 3583 stra,
161 3507 202 3576 ia
230 3502 340 3577 doeio
350 3508 539 3604 prorrima
558 3507 758 3575 comoediai
775 3511 1072 3585 commoreretur,
1092 3521 1246 3607 areaque
1265 3524 1352 3572 cani

55 3637 98 3696 ee,
124 3617 176 3692 oet
202 3622 251 3692 iis
279 3619 418 3719 peribas
440 3623 681 3719 permissam
713 3627 768 3692 est
804 3622 910 3692 intra
951 3617 1124 3690 oleastro
1160 3614 1347 3698 babitare,

55 3739 231 3807 rarieeaire
258 3733 419 3818 sedebat,
449 3731 768 3834 queamdmodum
796 3737 839 3805 ia
867 3737 1037 3833 petacsato
1065 3735 1268 3814 asseritur,
1303 3730 1355 3803 ad

55 3865 166 3921 rueras
189 3852 410 3948 sanctiorem
439 3853 482 3922 iri
509 3849 667 3940 ecelesia
685 3853 852 3949 propria
872 3847 1131 3948 perapeadas,
1154 3855 1188 3917 et
1213 3844 1265 3920 ad
1289 3870 1346 3932 ee,

57 3982 135 4054 paee
159 3965 208 4038 ad
238 3963 421 4040 Ordinem
450 3973 483 4038 et
515 3960 747 4038 Gemmatum
779 3967 978 4062 pertimeat
1014 3957 1216 4042 curanda,
1247 3959 1353 4059 affir-

57 4083 175 4152 mative
193 4080 287 4154 idest
306 4078 586 4180 comprehendi:
606 4101 713 4153 secus
732 4081 924 4179 populive·
953 4080 1008 4150 ita
1036 4085 1179 4158 tamea,
1200 4083 1244 4148 at
1280 4071 1353 4148 Or-

59 4187 186 4268 dinarii
210 4219 324 4269 saam
351 4201 394 4268 iri
413 4217 604 4294 personas
634 4193 941 4268 iurisdictionem
967 4191 1074 4267 adira
1104 4190 1289 4291 politiam
1317 4199 1352 4262 et

61 4299 278 4407 dise'pb'nam
307 4309 599 4384 ecelesiasticam
626 4306 826 4382 exterdere
855 4321 1058 4408 nequeant,
1088 4304 1197 4378 satra
1225 4303 1352 4404 quoad

60 4409 278 4522 ‹tisarptiaom
305 4422 557 4525 reputarem,
587 4431 621 4495 et
649 4422 926 4522 obtipatioaes,
955 4445 1052 4524 qaae
1084 4443 1132 4493 ea
1165 4418 1351 4519 reb'piosa

54 4538 267 4632 professione
299 4546 556 4639 promereare,
593 4536 855 4610 iurisdictione
890 4536 1146 4636 Superiorem
1178 4533 1349 4634 Repeta-

60 4652 146 4728 riam
170 4659 280 4734 taeta
314 4677 425 4730 mum.
460 4651 532 4731 2'”'²
550 4649 823 4730 destructionis
842 4652 1079 4758 praedictae:
1115 4648 1249 4738 Quoad
1273 4645 1347 4730 ΙΙΙ.

61 4773 86 4836 et
109 4765 130 4846 t
135 4767 170 4848 V.
181 4775 389 4888 previsum
410 4775 451 4848 ia
469 4767 522 4852 II.
