3338 4962
674 311 860 363 nnrnmomr.
1383 289 1425 363 63

192 411 352 490 ludicata
379 411 501 486 autem
528 404 720 484 validitate
746 404 1064 484 matrimoniorum
1083 432 1175 508 quac
1193 404 1233 484 in
1251 404 1323 483 illis
1341 433 1427 510 pro-

128 529 246 606 vinciis
273 525 584 602 contrahebantur
624 522 702 599 sinc
729 519 887 599 Parochi
927 525 1145 623 praesentia,
1183 525 1226 600 de
1268 524 1426 600 secunda

127 644 325 745 quaestione
352 639 554 742 disputavit
580 639 705 714 eadem
733 638 772 716 S.
795 637 1055 740 Congregatio,
1075 663 1123 714 an
1149 637 1287 739 pariter
1306 637 1429 714 valida

129 758 289 834 censenda
306 758 426 832 essent
443 753 679 831 matrimonia
695 752 815 829 mixta
832 752 928 828 inter
942 752 1141 829 catholicos
1155 757 1193 830 et
1205 753 1425 830 haereticos:

130 873 206 949 hacc
231 869 391 949 secunda
416 868 582 970 quaestio
609 867 834 945 considerata
875 869 930 944 est
970 870 1160 969 tamquam
1199 893 1427 970 consequens

131 985 253 1088 primae
278 983 450 1060 definitae
477 981 716 1084 quaestionis:
739 1005 898 1082 namque
924 981 954 1057 si
980 981 1104 1060 valida
1145 988 1251 1060 erant
1292 982 1330 1059 in
1357 983 1429 1059 illis

130 1099 326 1202 regionibus
353 1098 588 1174 matrimonia
624 1097 701 1172 sive
736 1095 1006 1172 haereticorum
1047 1099 1125 1174 sive
1166 1096 1429 1175 catholicorum

132 1217 302 1291 contracta
330 1213 410 1289 sine
435 1213 644 1316 praesentia
671 1210 811 1314 proprii
830 1210 1002 1305 Parochi,
1025 1237 1249 1314 consequens
1268 1215 1360 1308 erat,
1385 1215 1429 1288 ut

131 1332 227 1407 etiam
252 1330 370 1406 mixta
396 1328 633 1405 matrimonia
659 1327 780 1404 valida
807 1329 941 1404 essent:
965 1330 1060 1429 quod
1086 1329 1145 1405 his
1182 1327 1303 1406 verbis
1336 1328 1430 1404 indi-

130 1451 220 1523 catur
236 1445 273 1521 in
293 1469 402 1547 opere
428 1445 473 1521 dc
492 1444 646 1545 Syaodo
661 1441 896 1519 Dioccesanc
914 1442 944 1518 t.
966 1470 997 1518 c.
1023 1443 1226 1544 «quoniam
1246 1468 1328 1520 cum
1348 1466 1429 1519 con-

133 1561 293 1662 »iugum
326 1558 432 1653 alter,
455 1561 535 1665 turn
567 1563 715 1632 ratione
734 1556 808 1632 loct
832 1556 961 1657 inquo
992 1556 1148 1650 habitat,
1169 1561 1249 1633 tum
1281 1562 1430 1632 ratione

132 1681 357 1752 »societatis
385 1674 424 1751 in
450 1699 525 1775 qua
550 1673 655 1766 vivit,
678 1675 869 1774 exemptus
897 1671 947 1747 sit
973 1697 995 1747 a
1022 1672 1259 1750 Tridentinae
1291 1671 1428 1774 Synodi

132 1791 259 1894 relege,
282 1789 468 1892 exemptio
495 1813 569 1890 qua
594 1789 672 1889 ipse
698 1785 834 1863 fruitur
874 1785 982 1862 alteri
1021 1789 1118 1889 parti
1159 1787 1427 1866 communicata

131 1932 146 1976 ›
171 1909 331 1982 remanet
348 1907 495 2006 propter
513 1895 808 1978 individuitatem
827 1902 1049 1994 contractuS,
1066 1901 1105 1977 vi
1124 1903 1228 1978 cuius
1245 1901 1429 2003 exemptio

132 2049 146 2093 ›
171 2047 259 2122 quae
285 2021 351 2100 uni
378 2045 425 2097 ex
450 2019 614 2122 partibus
640 2018 824 2119 competit,
848 2017 893 2094 ad
910 2016 1080 2112 alteram,
1102 2019 1300 2100 secundum
1317 2017 1429 2094 ctiam

131 2136 291 2214 »civiles
318 2137 431 2236 leges,
463 2135 683 2228 extenditur,
708 2133 897 2234 eidemque
923 2133 1254 2211 communicatur.»

194 2251 261 2328 His
279 2255 402 2346 autem
420 2249 596 2343 deductis,
620 2248 877 2345 animadvertit
895 2249 1108 2344 Canonista,
1130 2250 1292 2326 rationes
1309 2249 1430 2326 Benc-

128 2363 271 2445 dictinae
297 2365 569 2454 declarationis,
590 2389 684 2466 quae
711 2365 749 2440 in
775 2389 884 2466 opere
910 2365 955 2440 de
983 2365 1138 2467 Spaodo
1157 2365 1313 2441 dioeces.
1336 2365 1430 2440 indi-

128 2487 255 2575 cantur,
278 2478 401 2559 reduci
427 2481 473 2557 ad
500 2479 661 2556 rationes
688 2477 835 2573 locales;
855 2483 935 2555 tum
954 2481 999 2556 ad
1016 2479 1197 2556 deiectum
1214 2479 1429 2581 publicatio-

128 2595 177 2669 nis
201 2597 345 2672 Deoreti
372 2595 578 2672 Tridentini
606 2592 773 2696 (ratione
792 2597 865 2670 loci
893 2601 933 2669 ia
960 2621 1034 2698 quo
1061 2596 1241 2700 lectitent·
1260 2599 1339 2673 tum
1367 2619 1428 2671 ra-

128 2709 212 2788 tione
236 2711 334 2789 illius
361 2711 568 2788 haereticae
595 2711 777 2787 societatis
805 2712 850 2787 ob
877 2734 988 2811 quam
1024 2734 1099 2788 non
1131 2713 1331 2814 putabatur
1358 2711 1428 2786 Dc·

130 2833 252 2902 cretum
277 2826 417 2904 inillis
451 2825 652 2929 provinciis
687 2825 912 2928 publicatum
949 2825 1008 2904 vel
1043 2828 1083 2903 in
1116 2853 1161 2903 ea
1196 2848 1426 2928 quacumque

130 2939 256 3017 demum
282 2967 393 3019 causa
419 2943 613 3021 Decretum
640 2965 714 3018 non
732 2941 883 3041 vigebat
901 2947 1068 3043 (ratione
1085 2948 1272 3019 societatis
1290 2947 1332 3016 ia
1351 2966 1428 3042 quc

132 3056 237 3156 aicit).
259 3057 439 3136 Rationes
466 3083 553 3160 ergo
580 3081 628 3133 cx
654 3057 938 3132 circumstantiis
964 3057 1139 3135 localibus
1166 3080 1366 3158 emergere:
1387 3060 1426 3132 et

132 3171 293 3248 neminem
320 3197 482 3274 unquam
509 3197 683 3265 asserere,
705 3171 912 3248 huiusmodi
941 3172 1206 3274 exemptionem
1234 3171 1427 3248 haereticis

134 3291 314 3387 competere
341 3285 455 3364 veluti
483 3289 661 3389 quoddam
688 3286 879 3389 personale
897 3286 1141 3390 privilegium,
1164 3287 1261 3390 quod
1278 3288 1428 3388 insuper

134 3399 262 3502 quisque
287 3402 523 3479 secumlerret
550 3426 777 3503 quocumque
803 3401 1019 3502 commigret
1044 3405 1082 3477 et
1108 3402 1241 3503 ubique
1266 3401 1426 3479 locorum

135 3516 297 3613 consistat,
320 3518 488 3621 quamvis
515 3516 604 3594 inibi
631 3519 829 3594 Decretum
856 3517 928 3594 rite
946 3517 1169 3620 publicatum
1189 3519 1237 3595 sit
1256 3543 1297 3594 ac
1315 3517 1423 3620 plano

136 3625 237 3728 vigeat
261 3637 302 3708 ut
327 3631 368 3708 in
393 3631 514 3708 ltalia.

137 3761 195 3816 Setis
211 3771 249 3820 eet
264 3770 358 3835 legere
366 3771 469 3823 Votum
488 3769 558 3844 dicti
578 3767 740 3822 Cardinelis
794 3785 954 3823 econverso
966 3786 1021 3823 nne
1035 3772 1107 3825 setis
1120 3771 1273 3837 indicetur,
1290 3787 1360 3837 quae
1374 3785 1425 3824 uec

137 3849 294 3923 Detrahe,
315 3861 347 3910 ut
373 3857 492 3923 quiaque
522 3858 636 3923 videat,
658 3874 740 3925 qnam
793 3860 882 3926 prima
900 3861 958 3911 ruit
976 3862 1006 3912 in
1021 3861 1197 3926 expositione
1211 3876 1318 3925 censae,
1334 3875 1424 3926 neque

137 3939 252 4004 sapienter
268 3949 416 3998 Decretum
438 3945 513 3998 illud
533 3946 566 3998 de
585 3945 738 3998 validitate
793 3951 864 4002 setis
878 3949 987 4014 gravis,
1000 3962 1125 4016 quaeque
1138 3964 1193 4001 non
1207 3949 1262 4000 rite
1274 3949 1425 4000 intellecta

137 4032 348 4088 matrimoniorum
362 4035 492 4087 emirum
507 4034 605 4102 fuerit,
620 4040 738 4101 etquam
792 4038 823 4088 in
851 4037 1001 4090 inridicum
1026 4052 1148 4089 errorem
1167 4039 1263 4102 posset
1279 4034 1422 4102 inducere,
1460 4089 1462 4092 ,

136 4127 213 4175 erare
229 4127 321 4176 errent
342 4124 478 4189 rationes,
500 4138 570 4190 quae
589 4123 741 4177 euaderent
793 4125 946 4178 cuiusmodi
965 4141 998 4179 ec
1016 4129 1061 4178 est
1081 4140 1151 4190 quae
1170 4123 1273 4174 dicitur
1291 4123 1364 4173 ratio
1385 4139 1425 4174 eo·

135 4199 319 4263 infoederatis
350 4211 522 4264 Hellandiae
556 4213 735 4282 provinciis,
793 4215 901 4266 eietatte
919 4216 1127 4275 haeretieorum·
1148 4213 1229 4279 quasi
1248 4228 1314 4266 vero
1330 4213 1425 4265 haere-

135 4303 253 4360 rurrquem
271 4301 419 4352 Decretum
433 4301 630 4352 'tridentinum
649 4302 738 4354 tuisse
793 4303 844 4354 tici
874 4309 1011 4369 quatenus
1038 4307 1142 4356 sectam
1167 4303 1344 4355 constituent
1362 4301 1423 4368 ipso

135 4381 274 4440 studenter
291 4390 514 4454 promulgatum:
535 4399 564 4441 et
577 4390 602 4442 ri
616 4390 738 4442 sortasse
792 4391 855 4442 inre
874 4392 996 4455 exempti
1017 4391 1077 4442 sint
1095 4407 1112 4442 a
1124 4389 1292 4442 Tridentino
1306 4390 1422 4441 Decreto

131 4463 153 4518 1'11
175 4471 262 4540 adque
289 4477 419 4544 paroecia
445 4478 501 4530 rlte
529 4481 736 4545 promulgatum
791 4479 846 4530 etsi
865 4479 895 4530 in
914 4481 973 4530 loco
1001 4479 1049 4529 ubi
1069 4481 1146 4530 seete
1164 4477 1249 4542 deget
1268 4477 1355 4530 tuerit
1374 4479 1423 4528 Dc·

129 4560 255 4625 esset,cito
264 4563 295 4616 in
305 4562 520 4618 desuetudinem
530 4565 646 4617 cidisse.
657 4567 736 4620 Eius·
789 4572 893 4620 cretum
920 4567 1095 4632 publicatum
1121 4569 1150 4619 et
1176 4569 1233 4621 rite
1255 4569 1419 4634 cerretum

126 4647 185 4698 nodi
200 4651 323 4704 rationes
341 4653 372 4703 in
391 4666 473 4718 opere
492 4652 526 4705 de
542 4653 649 4719 synodo
664 4655 737 4708 dice·
792 4656 863 4723 quod
882 4655 986 4709 falsum
1005 4659 1089 4709 esset.

127 4749 209 4792 creme
224 4738 272 4795 vix
285 4743 315 4794 et
327 4755 362 4795 ne
375 4741 424 4798 rix
438 4741 549 4812 quidem
561 4741 735 4800 indicantum
