<?xml version="1.0" encoding="UTF-8"?>
<!DOCTYPE html PUBLIC "-//W3C//DTD XHTML 1.0 Transitional//EN"
    "http://www.w3.org/TR/xhtml1/DTD/xhtml1-transitional.dtd">
<html xmlns="http://www.w3.org/1999/xhtml" xml:lang="en" lang="en">
 <head>
  <title>
</title>
<meta http-equiv="Content-Type" content="text/html;charset=utf-8" />
  <meta name='ocr-system' content='tesseract 3.04.00' />
  <meta name='ocr-capabilities' content='ocr_page ocr_carea ocr_par ocr_line ocrx_word'/>
</head>
<body>
  <div class='ocr_page' id='page_1' title='image "actasanctaesedi04popegoog_0198.png"; bbox 0 0 3258 4944; ppageno 0'>
   <div class='ocr_carea' id='block_1_1' title="bbox 505 295 1329 364">
    <p class='ocr_par' dir='ltr' id='par_1_1' title="bbox 505 295 1329 364">
     <span class='ocr_line' id='line_1_1' title="bbox 505 295 1329 364; baseline 0.004 -3"><span class='ocrx_word' id='word_1_1' title='bbox 505 311 607 361; x_wconf 81' lang='lat' dir='ltr'>mssen</span> <span class='ocrx_word' id='word_1_2' title='bbox 630 311 834 362; x_wconf 80' lang='lat' dir='ltr'>rroocuuus.</span> <span class='ocrx_word' id='word_1_3' title='bbox 1267 295 1329 364; x_wconf 70' lang='lat' dir='ltr'>los</span> 
     </span>
    </p>
   </div>
   <div class='ocr_carea' id='block_1_2' title="bbox 68 408 1335 1674">
    <p class='ocr_par' dir='ltr' id='par_1_2' title="bbox 68 408 1331 862">
     <span class='ocr_line' id='line_1_2' title="bbox 117 408 1331 516; baseline 0.002 -28"><span class='ocrx_word' id='word_1_4' title='bbox 117 410 148 488; x_wconf 85' lang='lat' dir='ltr'>ll.</span> <span class='ocrx_word' id='word_1_5' title='bbox 163 408 281 500; x_wconf 79' lang='lat' dir='ltr'>Quare</span> <span class='ocrx_word' id='word_1_6' title='bbox 309 411 427 487; x_wconf 84' lang='lat' dir='ltr'>teneri</span> <span class='ocrx_word' id='word_1_7' title='bbox 453 412 658 514; x_wconf 85' lang='lat' dir='ltr'>paralium</span> <span class='ocrx_word' id='word_1_8' title='bbox 685 413 739 487; x_wconf 89' lang='lat' dir='ltr'>ita</span> <span class='ocrx_word' id='word_1_9' title='bbox 766 435 832 488; x_wconf 91' lang='lat' dir='ltr'>suo</span> <span class='ocrx_word' id='word_1_10' title='bbox 850 412 983 516; x_wconf 92' lang='lat' dir='ltr'>populo</span> <span class='ocrx_word' id='word_1_11' title='bbox 1011 410 1210 509; x_wconf 85' lang='lat' dir='ltr'>consulere,</span> <span class='ocrx_word' id='word_1_12' title='bbox 1230 417 1331 490; x_wconf 90' lang='lat' dir='ltr'>utet</span> 
     </span>
     <span class='ocr_line' id='line_1_3' title="bbox 68 529 1330 636; baseline 0.007 -34"><span class='ocrx_word' id='word_1_13' title='bbox 68 529 141 604; x_wconf 86' lang='lat' dir='ltr'>llissa</span> <span class='ocrx_word' id='word_1_14' title='bbox 158 530 370 632; x_wconf 87' lang='lat' dir='ltr'>paroecialis</span> <span class='ocrx_word' id='word_1_15' title='bbox 396 554 470 606; x_wconf 92' lang='lat' dir='ltr'>non</span> <span class='ocrx_word' id='word_1_16' title='bbox 490 532 583 608; x_wconf 82' lang='lat' dir='ltr'><strong>desit</strong></span> <span class='ocrx_word' id='word_1_17' title='bbox 603 532 648 608; x_wconf 86' lang='lat' dir='ltr'>ad</span> <span class='ocrx_word' id='word_1_18' title='bbox 665 534 910 610; x_wconf 85' lang='lat' dir='ltr'>necessariam</span> <span class='ocrx_word' id='word_1_19' title='bbox 938 534 1061 636; x_wconf 92' lang='lat' dir='ltr'>populi</span> <span class='ocrx_word' id='word_1_20' title='bbox 1095 534 1330 611; x_wconf 87' lang='lat' dir='ltr'>commodita-</span> 
     </span>
     <span class='ocr_line' id='line_1_4' title="bbox 68 644 1330 748; baseline 0.008 -30"><span class='ocrx_word' id='word_1_21' title='bbox 68 648 121 735; x_wconf 84' lang='lat' dir='ltr'>tem,</span> <span class='ocrx_word' id='word_1_22' title='bbox 137 669 237 747; x_wconf 89' lang='lat' dir='ltr'>neque</span> <span class='ocrx_word' id='word_1_23' title='bbox 264 645 367 721; x_wconf 85' lang='lat' dir='ltr'>uerbi</span> <span class='ocrx_word' id='word_1_24' title='bbox 396 645 464 722; x_wconf 87' lang='lat' dir='ltr'>Dei</span> <span class='ocrx_word' id='word_1_25' title='bbox 497 644 705 748; x_wconf 79' lang='lat' dir='ltr'>explicatio,</span> <span class='ocrx_word' id='word_1_26' title='bbox 730 649 1032 747; x_wconf 83' lang='lat' dir='ltr'>quemadmodum</span> <span class='ocrx_word' id='word_1_27' title='bbox 1063 651 1185 726; x_wconf 87' lang='lat' dir='ltr'>cetera</span> <span class='ocrx_word' id='word_1_28' title='bbox 1203 673 1330 728; x_wconf 87' lang='lat' dir='ltr'>mune·</span> 
     </span>
     <span class='ocr_line' id='line_1_5' title="bbox 70 759 1286 862; baseline 0.008 -31"><span class='ocrx_word' id='word_1_29' title='bbox 70 783 94 832; x_wconf 85' lang='lat' dir='ltr'>n</span> <span class='ocrx_word' id='word_1_30' title='bbox 115 759 220 862; x_wconf 87' lang='lat' dir='ltr'>populo</span> <span class='ocrx_word' id='word_1_31' title='bbox 238 759 457 836; x_wconf 87' lang='lat' dir='ltr'>necessaria.</span> <span class='ocrx_word' id='word_1_32' title='bbox 1285 771 1286 774; x_wconf 64' lang='lat'>‘</span> 
     </span>
    </p>

    <p class='ocr_par' dir='ltr' id='par_1_3' title="bbox 68 875 1333 1330">
     <span class='ocr_line' id='line_1_6' title="bbox 116 875 1332 984; baseline 0.007 -32"><span class='ocrx_word' id='word_1_33' title='bbox 116 877 161 952; x_wconf 85' lang='lat' dir='ltr'>Vl.</span> <span class='ocrx_word' id='word_1_34' title='bbox 179 875 274 954; x_wconf 80' lang='lat' dir='ltr'>Cum</span> <span class='ocrx_word' id='word_1_35' title='bbox 304 879 429 952; x_wconf 86' lang='lat' dir='ltr'>autem</span> <span class='ocrx_word' id='word_1_36' title='bbox 456 875 594 952; x_wconf 89' lang='lat' dir='ltr'>Missae</span> <span class='ocrx_word' id='word_1_37' title='bbox 621 901 687 978; x_wconf 87' lang='lat' dir='ltr'>pro</span> <span class='ocrx_word' id='word_1_38' title='bbox 718 877 854 980; x_wconf 91' lang='lat' dir='ltr'>populo</span> <span class='ocrx_word' id='word_1_39' title='bbox 885 880 1095 982; x_wconf 85' lang='lat' dir='ltr'>applicatio,</span> <span class='ocrx_word' id='word_1_40' title='bbox 1117 882 1156 957; x_wconf 89' lang='lat' dir='ltr'>vi</span> <span class='ocrx_word' id='word_1_41' title='bbox 1187 905 1332 984; x_wconf 88' lang='lat' dir='ltr'>praeoe-</span> 
     </span>
     <span class='ocr_line' id='line_1_7' title="bbox 68 989 1333 1097; baseline 0.006 -33"><span class='ocrx_word' id='word_1_42' title='bbox 68 989 101 1090; x_wconf 86' lang='lat' dir='ltr'>pl</span> <span class='ocrx_word' id='word_1_43' title='bbox 121 991 349 1086; x_wconf 88' lang='lat' dir='ltr'>ecclesiastici,</span> <span class='ocrx_word' id='word_1_44' title='bbox 382 994 514 1094; x_wconf 82' lang='lat' dir='ltr'>urgeat</span> <span class='ocrx_word' id='word_1_45' title='bbox 539 991 747 1068; x_wconf 87' lang='lat' dir='ltr'>Paroohum</span> <span class='ocrx_word' id='word_1_46' title='bbox 779 993 934 1097; x_wconf 84' lang='lat' dir='ltr'>singulis</span> <span class='ocrx_word' id='word_1_47' title='bbox 961 996 1088 1074; x_wconf 91' lang='lat' dir='ltr'>diebus</span> <span class='ocrx_word' id='word_1_48' title='bbox 1115 996 1233 1091; x_wconf 82' lang='lat' dir='ltr'>festia,</span> <span class='ocrx_word' id='word_1_49' title='bbox 1270 997 1333 1072; x_wconf 85' lang='lat' dir='ltr'>sit</span> 
     </span>
     <span class='ocr_line' id='line_1_8' title="bbox 69 1107 1333 1214; baseline 0.008 -35"><span class='ocrx_word' id='word_1_50' title='bbox 69 1129 110 1203; x_wconf 86' lang='lat' dir='ltr'>que</span> <span class='ocrx_word' id='word_1_51' title='bbox 129 1107 205 1184; x_wconf 87' lang='lat' dir='ltr'>reale</span> <span class='ocrx_word' id='word_1_52' title='bbox 233 1132 343 1200; x_wconf 81' lang='lat' dir='ltr'>onus3</span> <span class='ocrx_word' id='word_1_53' title='bbox 364 1108 397 1183; x_wconf 91' lang='lat' dir='ltr'>si</span> <span class='ocrx_word' id='word_1_54' title='bbox 424 1132 490 1210; x_wconf 87' lang='lat' dir='ltr'>per</span> <span class='ocrx_word' id='word_1_55' title='bbox 517 1131 556 1184; x_wconf 88' lang='lat' dir='ltr'>se</span> <span class='ocrx_word' id='word_1_56' title='bbox 585 1111 651 1184; x_wconf 91' lang='lat' dir='ltr'>aut</span> <span class='ocrx_word' id='word_1_57' title='bbox 686 1108 892 1210; x_wconf 82' lang='lat' dir='ltr'>paralium</span> <span class='ocrx_word' id='word_1_58' title='bbox 923 1111 1205 1214; x_wconf 81' lang='lat' dir='ltr'>applicationem</span> <span class='ocrx_word' id='word_1_59' title='bbox 1240 1113 1333 1189; x_wconf 91' lang='lat' dir='ltr'>omi·</span> 
     </span>
     <span class='ocr_line' id='line_1_9' title="bbox 68 1220 1258 1330; baseline 0.008 -36"><span class='ocrx_word' id='word_1_60' title='bbox 68 1220 134 1310; x_wconf 83' lang='lat' dir='ltr'>serit,</span> <span class='ocrx_word' id='word_1_61' title='bbox 148 1221 254 1299; x_wconf 89' lang='lat' dir='ltr'>teneri</span> <span class='ocrx_word' id='word_1_62' title='bbox 284 1223 421 1299; x_wconf 87' lang='lat' dir='ltr'>Missas</span> <span class='ocrx_word' id='word_1_63' title='bbox 447 1225 537 1324; x_wconf 88' lang='lat' dir='ltr'>quot</span> <span class='ocrx_word' id='word_1_64' title='bbox 560 1222 727 1299; x_wconf 90' lang='lat' dir='ltr'>omiserit</span> <span class='ocrx_word' id='word_1_65' title='bbox 757 1225 1036 1328; x_wconf 76' lang='lat' dir='ltr'>quamprimum</span> <span class='ocrx_word' id='word_1_66' title='bbox 1060 1227 1258 1330; x_wconf 86' lang='lat' dir='ltr'>applicare.</span> 
     </span>
    </p>

    <p class='ocr_par' dir='ltr' id='par_1_4' title="bbox 69 1335 1335 1674">
     <span class='ocr_line' id='line_1_10' title="bbox 117 1335 1333 1444; baseline 0.007 -32"><span class='ocrx_word' id='word_1_67' title='bbox 117 1337 178 1416; x_wconf 85' lang='lat' dir='ltr'>Vll.</span> <span class='ocrx_word' id='word_1_68' title='bbox 195 1335 256 1416; x_wconf 79' lang='lat' dir='ltr'>Ex</span> <span class='ocrx_word' id='word_1_69' title='bbox 288 1337 394 1416; x_wconf 87' lang='lat' dir='ltr'>dictis</span> <span class='ocrx_word' id='word_1_70' title='bbox 424 1361 569 1440; x_wconf 90' lang='lat' dir='ltr'>quoque</span> <span class='ocrx_word' id='word_1_71' title='bbox 597 1340 771 1439; x_wconf 82' lang='lat' dir='ltr'>consequi</span> <span class='ocrx_word' id='word_1_72' title='bbox 810 1341 1020 1418; x_wconf 88' lang='lat' dir='ltr'>Paroohum</span> <span class='ocrx_word' id='word_1_73' title='bbox 1052 1366 1126 1419; x_wconf 92' lang='lat' dir='ltr'>non</span> <span class='ocrx_word' id='word_1_74' title='bbox 1169 1342 1333 1444; x_wconf 73' lang='lat' dir='ltr'>legitime</span> 
     </span>
     <span class='ocr_line' id='line_1_11' title="bbox 69 1453 1335 1564; baseline 0.01 -37"><span class='ocrx_word' id='word_1_75' title='bbox 69 1453 238 1556; x_wconf 85' lang='lat' dir='ltr'>inpeditum,</span> <span class='ocrx_word' id='word_1_76' title='bbox 270 1457 402 1534; x_wconf 89' lang='lat' dir='ltr'>debere</span> <span class='ocrx_word' id='word_1_77' title='bbox 436 1481 510 1559; x_wconf 85' lang='lat' dir='ltr'>per¹</span> <span class='ocrx_word' id='word_1_78' title='bbox 548 1481 588 1534; x_wconf 88' lang='lat' dir='ltr'>se</span> <span class='ocrx_word' id='word_1_79' title='bbox 625 1453 808 1534; x_wconf 88' lang='lat' dir='ltr'>celebrare</span> <span class='ocrx_word' id='word_1_80' title='bbox 846 1457 999 1538; x_wconf 82' lang='lat' dir='ltr'>Missam</span> <span class='ocrx_word' id='word_1_81' title='bbox 1034 1482 1101 1563; x_wconf 90' lang='lat' dir='ltr'>pro</span> <span class='ocrx_word' id='word_1_82' title='bbox 1133 1459 1267 1564; x_wconf 92' lang='lat' dir='ltr'>populo</span> <span class='ocrx_word' id='word_1_83' title='bbox 1294 1461 1335 1540; x_wconf 86' lang='lat' dir='ltr'>in</span> 
     </span>
     <span class='ocr_line' id='line_1_12' title="bbox 69 1572 498 1674; baseline 0.019 -32"><span class='ocrx_word' id='word_1_84' title='bbox 69 1592 110 1644; x_wconf 85' lang='lat' dir='ltr'>sua</span> <span class='ocrx_word' id='word_1_85' title='bbox 127 1572 302 1674; x_wconf 88' lang='lat' dir='ltr'>pameciali</span> <span class='ocrx_word' id='word_1_86' title='bbox 333 1572 498 1650; x_wconf 87' lang='lat' dir='ltr'>eeclesia.</span> 
     </span>
    </p>
   </div>
   <div class='ocr_carea' id='block_1_3' title="bbox 60 1791 1337 3477">
    <p class='ocr_par' dir='ltr' id='par_1_5' title="bbox 69 1791 1335 1956">
     <span class='ocr_line' id='line_1_13' title="bbox 70 1791 1335 1864; baseline 0.006 -23"><span class='ocrx_word' id='word_1_87' title='bbox 70 1791 130 1862; x_wconf 86' lang='lat' dir='ltr'>lutus,</span> <span class='ocrx_word' id='word_1_88' title='bbox 150 1796 175 1850; x_wconf 88' lang='lat' dir='ltr'>in</span> <span class='ocrx_word' id='word_1_89' title='bbox 195 1801 322 1864; x_wconf 78' lang='lat' dir='ltr'>allegata</span> <span class='ocrx_word' id='word_1_90' title='bbox 349 1798 480 1864; x_wconf 88' lang='lat' dir='ltr'>superius</span> <span class='ocrx_word' id='word_1_91' title='bbox 498 1812 581 1850; x_wconf 86' lang='lat' dir='ltr'>causa</span> <span class='ocrx_word' id='word_1_92' title='bbox 601 1799 652 1850; x_wconf 79' lang='lat' dir='ltr'>Oe·</span> <span class='ocrx_word' id='word_1_93' title='bbox 698 1797 772 1851; x_wconf 87' lang='lat' dir='ltr'>idem</span> <span class='ocrx_word' id='word_1_94' title='bbox 792 1798 947 1864; x_wconf 77' lang='lat' dir='ltr'>Presbyter</span> <span class='ocrx_word' id='word_1_95' title='bbox 966 1797 1081 1852; x_wconf 89' lang='lat' dir='ltr'>eandem</span> <span class='ocrx_word' id='word_1_96' title='bbox 1093 1797 1210 1850; x_wconf 72' lang='lat' dir='ltr'>Missam</span> <span class='ocrx_word' id='word_1_97' title='bbox 1222 1811 1274 1864; x_wconf 90' lang='lat' dir='ltr'>pre</span> <span class='ocrx_word' id='word_1_98' title='bbox 1288 1809 1335 1864; x_wconf 88' lang='lat' dir='ltr'>pe·</span> 
     </span>
     <span class='ocr_line' id='line_1_14' title="bbox 69 1883 921 1956; baseline 0.012 -24"><span class='ocrx_word' id='word_1_99' title='bbox 69 1895 113 1934; x_wconf 82' lang='lat' dir='ltr'>sea.</span> <span class='ocrx_word' id='word_1_100' title='bbox 127 1883 159 1937; x_wconf 88' lang='lat' dir='ltr'>tie</span> <span class='ocrx_word' id='word_1_101' title='bbox 175 1888 201 1939; x_wconf 91' lang='lat' dir='ltr'>ll</span> <span class='ocrx_word' id='word_1_102' title='bbox 220 1888 289 1942; x_wconf 74' lang='lat' dir='ltr'>uait</span> <span class='ocrx_word' id='word_1_103' title='bbox 310 1887 388 1940; x_wconf 81' lang='lat'>1720.</span> <span class='ocrx_word' id='word_1_104' title='bbox 698 1889 765 1956; x_wconf 87' lang='lat' dir='ltr'>pulo</span> <span class='ocrx_word' id='word_1_105' title='bbox 785 1890 921 1956; x_wconf 84' lang='lat' dir='ltr'>applicet.</span> 
     </span>
    </p>

    <p class='ocr_par' dir='ltr' id='par_1_6' title="bbox 60 1973 1337 3477">
     <span class='ocr_line' id='line_1_15' title="bbox 104 1973 1335 2046; baseline 0.005 -22"><span class='ocrx_word' id='word_1_106' title='bbox 104 1973 151 2026; x_wconf 85' lang='lat' dir='ltr'>tun</span> <span class='ocrx_word' id='word_1_107' title='bbox 166 1993 223 2042; x_wconf 76' lang='lat' dir='ltr'>ergo</span> <span class='ocrx_word' id='word_1_108' title='bbox 235 1977 376 2030; x_wconf 86' lang='lat' dir='ltr'>Parechus</span> <span class='ocrx_word' id='word_1_109' title='bbox 389 1976 519 2041; x_wconf 81' lang='lat' dir='ltr'>legitime</span> <span class='ocrx_word' id='word_1_110' title='bbox 538 1977 650 2046; x_wconf 84' lang='lat' dir='ltr'>absens,</span> <span class='ocrx_word' id='word_1_111' title='bbox 751 1978 812 2030; x_wconf 83' lang='lat' dir='ltr'>Alii</span> <span class='ocrx_word' id='word_1_112' title='bbox 832 1981 978 2044; x_wconf 84' lang='lat' dir='ltr'>quaerunt,</span> <span class='ocrx_word' id='word_1_113' title='bbox 992 1991 1027 2030; x_wconf 91' lang='lat' dir='ltr'>an</span> <span class='ocrx_word' id='word_1_114' title='bbox 1041 1977 1193 2045; x_wconf 77' lang='lat' dir='ltr'>Parecbus,</span> <span class='ocrx_word' id='word_1_115' title='bbox 1208 1979 1258 2044; x_wconf 88' lang='lat' dir='ltr'>qui</span> <span class='ocrx_word' id='word_1_116' title='bbox 1272 1993 1335 2043; x_wconf 74' lang='lat' dir='ltr'>geu·</span> 
     </span>
     <span class='ocr_line' id='line_1_16' title="bbox 72 2065 1335 2136; baseline 0.006 -23"><span class='ocrx_word' id='word_1_117' title='bbox 72 2066 131 2128; x_wconf 82' lang='lat' dir='ltr'>pessit</span> <span class='ocrx_word' id='word_1_118' title='bbox 144 2069 271 2134; x_wconf 88' lang='lat' dir='ltr'>applicare</span> <span class='ocrx_word' id='word_1_119' title='bbox 290 2083 341 2136; x_wconf 90' lang='lat' dir='ltr'>per</span> <span class='ocrx_word' id='word_1_120' title='bbox 360 2084 389 2121; x_wconf 87' lang='lat' dir='ltr'>se</span> <span class='ocrx_word' id='word_1_121' title='bbox 407 2070 523 2122; x_wconf 75' lang='lat' dir='ltr'>Missam</span> <span class='ocrx_word' id='word_1_122' title='bbox 542 2084 593 2136; x_wconf 89' lang='lat' dir='ltr'>pro</span> <span class='ocrx_word' id='word_1_123' title='bbox 607 2084 652 2136; x_wconf 89' lang='lat' dir='ltr'>pe·</span> <span class='ocrx_word' id='word_1_124' title='bbox 699 2065 765 2118; x_wconf 88' lang='lat' dir='ltr'>deat</span> <span class='ocrx_word' id='word_1_125' title='bbox 783 2068 938 2133; x_wconf 76' lang='lat' dir='ltr'>privilegio</span> <span class='ocrx_word' id='word_1_126' title='bbox 961 2066 1087 2120; x_wconf 87' lang='lat' dir='ltr'>Oratorii</span> <span class='ocrx_word' id='word_1_127' title='bbox 1111 2067 1222 2133; x_wconf 81' lang='lat' dir='ltr'>privati</span> <span class='ocrx_word' id='word_1_128' title='bbox 1244 2081 1335 2133; x_wconf 87' lang='lat' dir='ltr'>neque</span> 
     </span>
     <span class='ocr_line' id='line_1_17' title="bbox 68 2151 1335 2223; baseline 0.006 -23"><span class='ocrx_word' id='word_1_129' title='bbox 68 2151 109 2214; x_wconf 85' lang='lat' dir='ltr'>pule</span> <span class='ocrx_word' id='word_1_130' title='bbox 122 2155 143 2204; x_wconf 86' lang='lat' dir='ltr'>ie</span> <span class='ocrx_word' id='word_1_131' title='bbox 159 2155 208 2208; x_wconf 91' lang='lat' dir='ltr'>loce</span> <span class='ocrx_word' id='word_1_132' title='bbox 226 2156 275 2208; x_wconf 89' lang='lat' dir='ltr'>ubi</span> <span class='ocrx_word' id='word_1_133' title='bbox 295 2154 390 2223; x_wconf 78' lang='lat' dir='ltr'>degat,</span> <span class='ocrx_word' id='word_1_134' title='bbox 411 2158 457 2210; x_wconf 87' lang='lat' dir='ltr'>vel</span> <span class='ocrx_word' id='word_1_135' title='bbox 477 2156 571 2223; x_wconf 83' lang='lat' dir='ltr'>possit</span> <span class='ocrx_word' id='word_1_136' title='bbox 592 2171 653 2210; x_wconf 88' lang='lat' dir='ltr'>ean·</span> <span class='ocrx_word' id='word_1_137' title='bbox 698 2156 838 2221; x_wconf 84' lang='lat' dir='ltr'>impotens</span> <span class='ocrx_word' id='word_1_138' title='bbox 858 2156 915 2222; x_wconf 85' lang='lat' dir='ltr'>ait,</span> <span class='ocrx_word' id='word_1_139' title='bbox 937 2156 1028 2222; x_wconf 83' lang='lat' dir='ltr'>possit</span> <span class='ocrx_word' id='word_1_140' title='bbox 1052 2157 1196 2208; x_wconf 90' lang='lat' dir='ltr'>celebrare</span> <span class='ocrx_word' id='word_1_141' title='bbox 1220 2156 1335 2208; x_wconf 80' lang='lat' dir='ltr'>Missam</span> 
     </span>
     <span class='ocr_line' id='line_1_18' title="bbox 69 2237 1337 2314; baseline 0.009 -26"><span class='ocrx_word' id='word_1_142' title='bbox 69 2237 106 2291; x_wconf 79' lang='lat' dir='ltr'>ten</span> <span class='ocrx_word' id='word_1_143' title='bbox 120 2246 313 2309; x_wconf 78' lang='lat' dir='ltr'>applicationem</span> <span class='ocrx_word' id='word_1_144' title='bbox 328 2247 414 2300; x_wconf 83' lang='lat' dir='ltr'>alteri</span> <span class='ocrx_word' id='word_1_145' title='bbox 433 2249 607 2300; x_wconf 87' lang='lat' dir='ltr'>committere</span> <span class='ocrx_word' id='word_1_146' title='bbox 620 2248 652 2300; x_wconf 91' lang='lat' dir='ltr'>in</span> <span class='ocrx_word' id='word_1_147' title='bbox 698 2261 748 2312; x_wconf 89' lang='lat' dir='ltr'>pro</span> <span class='ocrx_word' id='word_1_148' title='bbox 767 2248 870 2314; x_wconf 91' lang='lat' dir='ltr'>populo</span> <span class='ocrx_word' id='word_1_149' title='bbox 883 2247 913 2298; x_wconf 88' lang='lat' dir='ltr'>in</span> <span class='ocrx_word' id='word_1_150' title='bbox 929 2262 978 2299; x_wconf 86' lang='lat' dir='ltr'>suo</span> <span class='ocrx_word' id='word_1_151' title='bbox 994 2247 1109 2313; x_wconf 85' lang='lat' dir='ltr'>private</span> <span class='ocrx_word' id='word_1_152' title='bbox 1121 2248 1263 2301; x_wconf 87' lang='lat' dir='ltr'>Oratorio.</span> <span class='ocrx_word' id='word_1_153' title='bbox 1278 2248 1337 2300; x_wconf 92' lang='lat' dir='ltr'>Hoc</span> 
     </span>
     <span class='ocr_line' id='line_1_19' title="bbox 67 2333 1336 2404; baseline 0.004 -21"><span class='ocrx_word' id='word_1_154' title='bbox 67 2333 175 2393; x_wconf 69' lang='lat' dir='ltr'>paroeciali</span> <span class='ocrx_word' id='word_1_155' title='bbox 196 2351 245 2389; x_wconf 87' lang='lat' dir='ltr'>sua</span> <span class='ocrx_word' id='word_1_156' title='bbox 262 2337 397 2402; x_wconf 84' lang='lat' dir='ltr'>ecolesia;</span> <span class='ocrx_word' id='word_1_157' title='bbox 426 2338 526 2403; x_wconf 85' lang='lat' dir='ltr'>quaeri</span> <span class='ocrx_word' id='word_1_158' title='bbox 543 2339 649 2404; x_wconf 82' lang='lat' dir='ltr'>potest,</span> <span class='ocrx_word' id='word_1_159' title='bbox 699 2338 859 2404; x_wconf 84' lang='lat' dir='ltr'>quaesitum</span> <span class='ocrx_word' id='word_1_160' title='bbox 877 2352 928 2388; x_wconf 90' lang='lat' dir='ltr'>nec</span> <span class='ocrx_word' id='word_1_161' title='bbox 946 2338 1129 2402; x_wconf 83' lang='lat' dir='ltr'>responsione</span> <span class='ocrx_word' id='word_1_162' title='bbox 1155 2337 1270 2391; x_wconf 85' lang='lat' dir='ltr'>vldetur</span> <span class='ocrx_word' id='word_1_163' title='bbox 1294 2338 1336 2389; x_wconf 88' lang='lat' dir='ltr'>di·</span> 
     </span>
     <span class='ocr_line' id='line_1_20' title="bbox 67 2409 1336 2493; baseline 0.01 -26"><span class='ocrx_word' id='word_1_164' title='bbox 67 2420 112 2481; x_wconf 86' lang='lat' dir='ltr'>qril</span> <span class='ocrx_word' id='word_1_165' title='bbox 126 2423 198 2488; x_wconf 72' lang='lat' dir='ltr'>napis</span> <span class='ocrx_word' id='word_1_166' title='bbox 218 2427 320 2492; x_wconf 90' lang='lat' dir='ltr'>popule</span> <span class='ocrx_word' id='word_1_167' title='bbox 345 2424 498 2492; x_wconf 80' lang='lat' dir='ltr'>expediat?</span> <span class='ocrx_word' id='word_1_168' title='bbox 520 2427 652 2493; x_wconf 86' lang='lat' dir='ltr'>Respon-</span> <span class='ocrx_word' id='word_1_169' title='bbox 698 2442 799 2492; x_wconf 79' lang='lat' dir='ltr'>gnum:</span> <span class='ocrx_word' id='word_1_170' title='bbox 815 2425 862 2478; x_wconf 90' lang='lat' dir='ltr'>hic</span> <span class='ocrx_word' id='word_1_171' title='bbox 879 2426 952 2478; x_wconf 91' lang='lat' dir='ltr'>enim</span> <span class='ocrx_word' id='word_1_172' title='bbox 972 2409 1112 2478; x_wconf 78' lang='lat' dir='ltr'>Parechua</span> <span class='ocrx_word' id='word_1_173' title='bbox 1132 2425 1278 2480; x_wconf 85' lang='lat' dir='ltr'>videretur</span> <span class='ocrx_word' id='word_1_174' title='bbox 1296 2426 1336 2480; x_wconf 83' lang='lat' dir='ltr'>io-</span> 
     </span>
     <span class='ocr_line' id='line_1_21' title="bbox 67 2505 1335 2584; baseline 0.01 -28"><span class='ocrx_word' id='word_1_175' title='bbox 67 2505 110 2559; x_wconf 86' lang='lat' dir='ltr'>tce:</span> <span class='ocrx_word' id='word_1_176' title='bbox 126 2515 321 2580; x_wconf 77' lang='lat' dir='ltr'>applicationem</span> <span class='ocrx_word' id='word_1_177' title='bbox 347 2515 451 2568; x_wconf 82' lang='lat' dir='ltr'>Missas</span> <span class='ocrx_word' id='word_1_178' title='bbox 474 2531 525 2582; x_wconf 88' lang='lat' dir='ltr'>pro</span> <span class='ocrx_word' id='word_1_179' title='bbox 549 2518 652 2584; x_wconf 90' lang='lat' dir='ltr'>populo</span> <span class='ocrx_word' id='word_1_180' title='bbox 699 2531 765 2568; x_wconf 82' lang='lat' dir='ltr'>vere</span> <span class='ocrx_word' id='word_1_181' title='bbox 785 2515 929 2582; x_wconf 84' lang='lat' dir='ltr'>proprium</span> <span class='ocrx_word' id='word_1_182' title='bbox 948 2515 1182 2581; x_wconf 86' lang='lat' dir='ltr'>commoditatem,</span> <span class='ocrx_word' id='word_1_183' title='bbox 1199 2531 1254 2567; x_wconf 92' lang='lat' dir='ltr'>nen</span> <span class='ocrx_word' id='word_1_184' title='bbox 1268 2531 1335 2569; x_wconf 84' lang='lat' dir='ltr'>vere</span> 
     </span>
     <span class='ocr_line' id='line_1_22' title="bbox 66 2600 1334 2673; baseline 0.009 -27"><span class='ocrx_word' id='word_1_185' title='bbox 66 2600 179 2655; x_wconf 79' lang='lat' dir='ltr'>consistere</span> <span class='ocrx_word' id='word_1_186' title='bbox 194 2605 223 2655; x_wconf 92' lang='lat' dir='ltr'>iu</span> <span class='ocrx_word' id='word_1_187' title='bbox 241 2605 431 2671; x_wconf 70' lang='lat' dir='ltr'>applicatione</span> <span class='ocrx_word' id='word_1_188' title='bbox 444 2605 554 2658; x_wconf 84' lang='lat' dir='ltr'>fructus</span> <span class='ocrx_word' id='word_1_189' title='bbox 569 2607 653 2658; x_wconf 87' lang='lat' dir='ltr'>saeri-</span> <span class='ocrx_word' id='word_1_190' title='bbox 699 2609 849 2673; x_wconf 85' lang='lat' dir='ltr'>quaereret</span> <span class='ocrx_word' id='word_1_191' title='bbox 869 2603 1037 2658; x_wconf 76' lang='lat' dir='ltr'>satisfacere</span> <span class='ocrx_word' id='word_1_192' title='bbox 1055 2605 1199 2658; x_wconf 83' lang='lat' dir='ltr'>Ecclesiae</span> <span class='ocrx_word' id='word_1_193' title='bbox 1212 2604 1334 2668; x_wconf 82' lang='lat' dir='ltr'>legibus.</span> 
     </span>
     <span class='ocr_line' id='line_1_23' title="bbox 66 2687 1337 2762; baseline 0.007 -27"><span class='ocrx_word' id='word_1_194' title='bbox 66 2687 110 2753; x_wconf 79' lang='lat' dir='ltr'>lcii,</span> <span class='ocrx_word' id='word_1_195' title='bbox 126 2705 191 2755; x_wconf 88' lang='lat' dir='ltr'>quen</span> <span class='ocrx_word' id='word_1_196' title='bbox 208 2695 379 2762; x_wconf 86' lang='lat' dir='ltr'>appellamus</span> <span class='ocrx_word' id='word_1_197' title='bbox 398 2692 527 2759; x_wconf 80' lang='lat' dir='ltr'>medium,</span> <span class='ocrx_word' id='word_1_198' title='bbox 548 2695 652 2760; x_wconf 90' lang='lat' dir='ltr'>popule</span> <span class='ocrx_word' id='word_1_199' title='bbox 697 2695 842 2760; x_wconf 78' lang='lat' dir='ltr'>Legitima</span> <span class='ocrx_word' id='word_1_200' title='bbox 861 2696 934 2747; x_wconf 90' lang='lat' dir='ltr'>enim</span> <span class='ocrx_word' id='word_1_201' title='bbox 954 2693 1110 2760; x_wconf 83' lang='lat' dir='ltr'>requiritur</span> <span class='ocrx_word' id='word_1_202' title='bbox 1129 2708 1223 2759; x_wconf 84' lang='lat' dir='ltr'>causa,</span> <span class='ocrx_word' id='word_1_203' title='bbox 1239 2696 1273 2744; x_wconf 91' lang='lat' dir='ltr'>nt</span> <span class='ocrx_word' id='word_1_204' title='bbox 1288 2694 1337 2744; x_wconf 86' lang='lat' dir='ltr'>Pa·</span> 
     </span>
     <span class='ocr_line' id='line_1_24' title="bbox 64 2774 1335 2849; baseline 0.006 -24"><span class='ocrx_word' id='word_1_205' title='bbox 64 2774 126 2828; x_wconf 80' lang='lat' dir='ltr'>beta:</span> <span class='ocrx_word' id='word_1_206' title='bbox 144 2781 244 2835; x_wconf 83' lang='lat' dir='ltr'>ethaeo</span> <span class='ocrx_word' id='word_1_207' title='bbox 262 2782 420 2849; x_wconf 85' lang='lat' dir='ltr'>applicatio</span> <span class='ocrx_word' id='word_1_208' title='bbox 440 2796 491 2848; x_wconf 88' lang='lat' dir='ltr'>per</span> <span class='ocrx_word' id='word_1_209' title='bbox 503 2797 533 2834; x_wconf 86' lang='lat' dir='ltr'>se</span> <span class='ocrx_word' id='word_1_210' title='bbox 547 2785 592 2834; x_wconf 87' lang='lat' dir='ltr'>est</span> <span class='ocrx_word' id='word_1_211' title='bbox 610 2797 652 2834; x_wconf 84' lang='lat' dir='ltr'>ea·</span> <span class='ocrx_word' id='word_1_212' title='bbox 698 2783 799 2838; x_wconf 85' lang='lat' dir='ltr'>rochus</span> <span class='ocrx_word' id='word_1_213' title='bbox 818 2785 899 2836; x_wconf 87' lang='lat' dir='ltr'>licite</span> <span class='ocrx_word' id='word_1_214' title='bbox 918 2797 975 2836; x_wconf 90' lang='lat' dir='ltr'>uon</span> <span class='ocrx_word' id='word_1_215' title='bbox 999 2783 1121 2834; x_wconf 88' lang='lat' dir='ltr'>celebret</span> <span class='ocrx_word' id='word_1_216' title='bbox 1146 2781 1262 2834; x_wconf 81' lang='lat' dir='ltr'>Missam</span> <span class='ocrx_word' id='word_1_217' title='bbox 1286 2796 1335 2847; x_wconf 89' lang='lat' dir='ltr'>pro</span> 
     </span>
     <span class='ocr_line' id='line_1_25' title="bbox 65 2861 1337 2942; baseline 0.009 -31"><span class='ocrx_word' id='word_1_218' title='bbox 65 2861 104 2914; x_wconf 85' lang='lat' dir='ltr'>len</span> <span class='ocrx_word' id='word_1_219' title='bbox 117 2867 258 2937; x_wconf 85' lang='lat' dir='ltr'>ubicumque</span> <span class='ocrx_word' id='word_1_220' title='bbox 284 2871 453 2924; x_wconf 78' lang='lat' dir='ltr'>sacrificium</span> <span class='ocrx_word' id='word_1_221' title='bbox 480 2870 648 2923; x_wconf 87' lang='lat' dir='ltr'>celebretur.</span> <span class='ocrx_word' id='word_1_222' title='bbox 698 2873 849 2942; x_wconf 82' lang='lat' dir='ltr'>populeis</span> <span class='ocrx_word' id='word_1_223' title='bbox 869 2873 986 2939; x_wconf 89' lang='lat' dir='ltr'>propris</span> <span class='ocrx_word' id='word_1_224' title='bbox 1005 2871 1132 2935; x_wconf 87' lang='lat' dir='ltr'>ecclesia,</span> <span class='ocrx_word' id='word_1_225' title='bbox 1153 2871 1337 2936; x_wconf 79' lang='lat' dir='ltr'>quamvisce·</span> 
     </span>
     <span class='ocr_line' id='line_1_26' title="bbox 62 2942 1337 3028; baseline 0.009 -29"><span class='ocrx_word' id='word_1_226' title='bbox 62 2951 220 3021; x_wconf 70' lang='lat' dir='ltr'>sedquoniam</span> <span class='ocrx_word' id='word_1_227' title='bbox 237 2961 395 3028; x_wconf 88' lang='lat' dir='ltr'>paroeciale</span> <span class='ocrx_word' id='word_1_228' title='bbox 413 2960 582 3019; x_wconf 84' lang='lat' dir='ltr'>sacrificium</span> <span class='ocrx_word' id='word_1_229' title='bbox 601 2974 651 3012; x_wconf 86' lang='lat' dir='ltr'>seu</span> <span class='ocrx_word' id='word_1_230' title='bbox 698 2942 769 3016; x_wconf 82' lang='lat' dir='ltr'>teria</span> <span class='ocrx_word' id='word_1_231' title='bbox 800 2962 1024 3026; x_wconf 75' lang='lat' dir='ltr'>obligationibus</span> <span class='ocrx_word' id='word_1_232' title='bbox 1052 2959 1234 3012; x_wconf 78' lang='lat' dir='ltr'>satisfaciat:</span> <span class='ocrx_word' id='word_1_233' title='bbox 1259 2959 1337 3010; x_wconf 88' lang='lat' dir='ltr'>iuter</span> 
     </span>
     <span class='ocr_line' id='line_1_27' title="bbox 63 3040 1337 3117; baseline 0.007 -27"><span class='ocrx_word' id='word_1_234' title='bbox 63 3040 123 3096; x_wconf 87' lang='lat' dir='ltr'>llissa</span> <span class='ocrx_word' id='word_1_235' title='bbox 137 3063 179 3112; x_wconf 89' lang='lat' dir='ltr'>pro</span> <span class='ocrx_word' id='word_1_236' title='bbox 195 3054 301 3117; x_wconf 84' lang='lat' dir='ltr'>popule,</span> <span class='ocrx_word' id='word_1_237' title='bbox 324 3065 357 3103; x_wconf 85' lang='lat' dir='ltr'>ea</span> <span class='ocrx_word' id='word_1_238' title='bbox 375 3051 541 3116; x_wconf 86' lang='lat' dir='ltr'>plerumque</span> <span class='ocrx_word' id='word_1_239' title='bbox 556 3049 605 3116; x_wconf 87' lang='lat' dir='ltr'>sit,</span> <span class='ocrx_word' id='word_1_240' title='bbox 621 3050 652 3102; x_wconf 90' lang='lat' dir='ltr'>in</span> <span class='ocrx_word' id='word_1_241' title='bbox 699 3053 845 3117; x_wconf 75' lang='lat' dir='ltr'>legitimas</span> <span class='ocrx_word' id='word_1_242' title='bbox 868 3066 965 3103; x_wconf 83' lang='lat' dir='ltr'>eaesae</span> <span class='ocrx_word' id='word_1_243' title='bbox 990 3053 1066 3103; x_wconf 88' lang='lat' dir='ltr'>certo</span> <span class='ocrx_word' id='word_1_244' title='bbox 1091 3063 1147 3101; x_wconf 89' lang='lat' dir='ltr'>nou</span> <span class='ocrx_word' id='word_1_245' title='bbox 1173 3051 1337 3101; x_wconf 87' lang='lat' dir='ltr'>recensetur</span> 
     </span>
     <span class='ocr_line' id='line_1_28' title="bbox 61 3135 1334 3206; baseline 0.003 -25"><span class='ocrx_word' id='word_1_246' title='bbox 61 3135 132 3192; x_wconf 76' lang='lat' dir='ltr'>parvis</span> <span class='ocrx_word' id='word_1_247' title='bbox 148 3139 238 3190; x_wconf 85' lang='lat' dir='ltr'>saltem</span> <span class='ocrx_word' id='word_1_248' title='bbox 260 3138 383 3206; x_wconf 86' lang='lat' dir='ltr'>oppidis,</span> <span class='ocrx_word' id='word_1_249' title='bbox 399 3140 443 3191; x_wconf 91' lang='lat' dir='ltr'>cui</span> <span class='ocrx_word' id='word_1_250' title='bbox 461 3141 581 3205; x_wconf 85' lang='lat' dir='ltr'>populus</span> <span class='ocrx_word' id='word_1_251' title='bbox 601 3138 653 3191; x_wconf 84' lang='lat' dir='ltr'>ire·</span> <span class='ocrx_word' id='word_1_252' title='bbox 696 3141 788 3194; x_wconf 87' lang='lat' dir='ltr'>maius</span> <span class='ocrx_word' id='word_1_253' title='bbox 806 3139 925 3193; x_wconf 90' lang='lat' dir='ltr'>Parechi</span> <span class='ocrx_word' id='word_1_254' title='bbox 944 3137 1127 3203; x_wconf 85' lang='lat' dir='ltr'>commodum,</span> <span class='ocrx_word' id='word_1_255' title='bbox 1150 3149 1334 3203; x_wconf 77' lang='lat' dir='ltr'>quamquam,</span> 
     </span>
     <span class='ocr_line' id='line_1_29' title="bbox 62 3221 1315 3294; baseline 0.007 -25"><span class='ocrx_word' id='word_1_256' title='bbox 62 3225 158 3282; x_wconf 82' lang='lat' dir='ltr'>quentier</span> <span class='ocrx_word' id='word_1_257' title='bbox 181 3228 313 3294; x_wconf 83' lang='lat' dir='ltr'>assistat,</span> <span class='ocrx_word' id='word_1_258' title='bbox 341 3231 371 3280; x_wconf 88' lang='lat' dir='ltr'>et</span> <span class='ocrx_word' id='word_1_259' title='bbox 396 3243 455 3280; x_wconf 90' lang='lat' dir='ltr'>cum</span> <span class='ocrx_word' id='word_1_260' title='bbox 480 3228 651 3294; x_wconf 82' lang='lat' dir='ltr'>Presbytero</span> <span class='ocrx_word' id='word_1_261' title='bbox 697 3230 839 3285; x_wconf 87' lang='lat' dir='ltr'>siceteris</span> <span class='ocrx_word' id='word_1_262' title='bbox 852 3227 1076 3292; x_wconf 76' lang='lat' dir='ltr'>obligationibus</span> <span class='ocrx_word' id='word_1_263' title='bbox 1089 3221 1262 3292; x_wconf 74' lang='lat' dir='ltr'>satisfaciat,</span> <span class='ocrx_word' id='word_1_264' title='bbox 1278 3237 1315 3278; x_wconf 82' lang='lat' dir='ltr'>uo</span> 
     </span>
     <span class='ocr_line' id='line_1_30' title="bbox 60 3311 1176 3386; baseline 0.009 -27"><span class='ocrx_word' id='word_1_265' title='bbox 60 3311 190 3367; x_wconf 73' lang='lat' dir='ltr'>seculorum</span> <span class='ocrx_word' id='word_1_266' title='bbox 212 3319 265 3370; x_wconf 87' lang='lat' dir='ltr'>Deo</span> <span class='ocrx_word' id='word_1_267' title='bbox 294 3319 412 3382; x_wconf 76' lang='lat' dir='ltr'>offerat,</span> <span class='ocrx_word' id='word_1_268' title='bbox 437 3319 514 3376; x_wconf 83' lang='lat' dir='ltr'>cuius</span> <span class='ocrx_word' id='word_1_269' title='bbox 541 3317 651 3370; x_wconf 83' lang='lat' dir='ltr'>fructus</span> <span class='ocrx_word' id='word_1_270' title='bbox 698 3319 813 3378; x_wconf 78' lang='lat' dir='ltr'>videtur</span> <span class='ocrx_word' id='word_1_271' title='bbox 833 3318 942 3386; x_wconf 86' lang='lat' dir='ltr'>requiri</span> <span class='ocrx_word' id='word_1_272' title='bbox 962 3317 1061 3384; x_wconf 75' lang='lat' dir='ltr'>grauia</span> <span class='ocrx_word' id='word_1_273' title='bbox 1079 3329 1176 3369; x_wconf 74' lang='lat' dir='ltr'>cauea·</span> 
     </span>
     <span class='ocr_line' id='line_1_31' title="bbox 61 3399 653 3477; baseline 0.014 -25"><span class='ocrx_word' id='word_1_274' title='bbox 61 3399 138 3455; x_wconf 81' lang='lat' dir='ltr'>uellus</span> <span class='ocrx_word' id='word_1_275' title='bbox 154 3405 205 3459; x_wconf 90' lang='lat' dir='ltr'>sibi</span> <span class='ocrx_word' id='word_1_276' title='bbox 223 3408 389 3477; x_wconf 88' lang='lat' dir='ltr'>applicatur,</span> <span class='ocrx_word' id='word_1_277' title='bbox 415 3405 517 3460; x_wconf 82' lang='lat' dir='ltr'>melius</span> <span class='ocrx_word' id='word_1_278' title='bbox 543 3407 601 3461; x_wconf 82' lang='lat' dir='ltr'>erit</span> <span class='ocrx_word' id='word_1_279' title='bbox 626 3407 653 3460; x_wconf 86' lang='lat' dir='ltr'>si</span> 
     </span>
    </p>
   </div>
   <div class='ocr_carea' id='block_1_4' title="bbox 0 0 1634 4944">
    <p class='ocr_par' dir='ltr' id='par_1_7' title="bbox 0 0 1634 4944">
     <span class='ocr_line' id='line_1_32' title="bbox 0 0 1634 4944; baseline 0 4"><span class='ocrx_word' id='word_1_280' title='bbox 0 0 1634 4944; x_wconf 95' lang='lat' dir='ltr'> </span> 
     </span>
    </p>
   </div>
  </div>
 </body>
</html>
