3238 4940
234 300 296 384 tlt
588 317 626 380 br
651 331 683 378 a.
700 319 815 380 tarino
840 319 979 384 carseolo
1003 321 1208 385 naitonum

235 429 416 508 »ctioncs
444 431 554 532 atque
573 430 675 508 obire
703 455 821 524 sacra,
846 437 945 506 inter
975 436 1058 533 ipse
1088 428 1241 536 (inquit)
1278 424 1393 510 verda
1428 451 1541 508 sarrr-

234 547 419 622 »dotalia
443 551 529 621 eius
556 547 696 650 linque
715 545 1000 650 protenditeq..
1017 604 1049 623 ..
1070 546 1172 624 Haec
1198 547 1449 626 Marcellinus,
1477 578 1495 619 »

311 660 413 750 Quae
439 663 644 762 sequuntur
662 662 714 739 cd
730 667 880 737 een-iim
898 659 988 740 362
1002 687 1042 736 m.
1063 661 1169 747 219,
1191 661 1374 740 Baronius
1388 687 1435 738 ex
1455 665 1543 740 Mar-

231 777 361 855 cellino
387 775 528 877 pariter
555 775 768 877 desumpsit:
794 805 811 847 ‹
835 775 904 852 Sed
932 775 1005 850 iam
1034 775 1244 858 Luciferum
1271 777 1472 854 Antiochia
1497 802 1542 856 re
1603 843 1604 848 .

235 892 462 969 »cedentem
490 892 528 967 et
553 891 593 966 in
611 890 756 968 Italiam
773 891 984 967 redeuntem
1004 894 1240 968 assectemur.
1263 889 1321 968 lex
1344 889 1403 968 his
1430 899 1543 970 autem
1603 879 1604 882 ¹

236 1033 369 1111 »quae
396 1007 439 1083 de
466 1032 509 1084 eo
536 1006 664 1084 scribit
703 1006 940 1084 Marcellinus
980 1007 1181 1106 Presbyter
1213 1011 1251 1082 et
1277 1007 1537 1102 schismaticus,

236 1127 377 1200 »secta
402 1121 669 1216 Luciferianus‚
700 1120 809 1223 plane
850 1119 1071 1221 intelligitur
1096 1145 1179 1198 eum
1208 1122 1350 1199 venisse
1377 1123 1540 1214 Romam,

235 1249 558 1340 »execratumque
585 1263 664 1314 esse
692 1237 982 1312 communionem
1001 1262 1126 1314 eorum
1155 1238 1218 1340 qui
1245 1239 1440 1340 aliquando
1468 1263 1544 1316 con-
1604 1297 1605 1324 .

235 1356 392 1432 »iuncti
419 1355 575 1432 fuissent
602 1352 765 1446 Arianis
786 1358 839 1444 ut,
864 1345 947 1428 cum
975 1353 1126 1454 Neapoli
1155 1352 1238 1448 suit,
1261 1354 1359 1431 facto
1387 1354 1544 1431 declara-

235 1471 342 1566 »vit
373 1477 500 1545 vitans
528 1473 833 1546 communionem
865 1466 1049 1553 Memimi,
1076 1473 1145 1570 qui
1175 1473 1217 1542 in
1253 1469 1405 1545 Zosimi
1431 1471 1545 1545 locuni

236 1588 407 1686 »faarai
438 1585 633 1684 suffectus.
661 1611 680 1655 »

219 1761 222 1776 .
311 1701 391 1777 Hac
418 1699 549 1776 ultima
573 1698 722 1774 Baronii
744 1699 866 1792 verba,
891 1704 1017 1774 vetans
1035 1705 1339 1777 communionem
1366 1700 1543 1785 Memmi,

231 1821 366 1920 quiin
397 1813 549 1890 Zosimi
574 1812 699 1889 iocum
726 1817 859 1913 fuerat
899 1815 1076 1915 suffectus
1105 1813 1216 1916 (quae
1255 1817 1375 1918 primo
1416 1817 1545 1893 intuitu
1605 1811 1606 1840 ³

233 1955 279 2008 ex
307 1929 476 2033 superius
503 1928 632 2006 relatis
659 1926 898 2004 manifestant
916 1953 1105 2006 erroneam
1123 1931 1283 2006 nominis
1300 1929 1546 2034 transpositio-

233 2071 331 2141 nem,
354 2048 409 2123 ita
436 2048 477 2123 nt
503 2044 579 2120 sint
605 2043 760 2146 legenda
786 2048 1090 2119 conemum‘oeem
1115 2045 1280 2131 Zosimi,
1301 2054 1371 2149 qai
1397 2055 1440 2122 im
1469 2047 1547 2123 Mn-

233 2168 339 2238 eimi
369 2163 495 2238 iocum
521 2157 612 2261 etc.)
634 2157 750 2234 locum
769 2157 949 2235 dederunt
974 2159 1137 2258 opinioni
1156 2161 1198 2236 de
1216 2161 1355 2238 duobus
1382 2160 1547 2240 Maximis

234 2277 441 2380 Episcopis,
465 2298 621 2379 quorum
647 2275 788 2375 primus
817 2275 972 2351 Sanctus
1000 2279 1108 2367 esset,
1134 2275 1225 2354 alter
1253 2301 1353 2370 vere,
1384 2278 1448 2379 qui
1475 2303 1548 2353 suc·
1606 2253 1607 2334 l

235 2393 345 2471 cessit
371 2393 410 2470 in
436 2391 572 2470 Zosimi
599 2390 732 2482 locum,
755 2389 975 2468 haereticus.
998 2391 1105 2466 Hanc
1131 2391 1339 2493 opinionem
1367 2393 1449 2470 viro
1477 2393 1548 2470 exi-

236 2510 325 2601 mio,
344 2509 407 2609 qui
429 2509 468 2586 in
486 2532 628 2584 summo
647 2506 822 2584 historiae
836 2504 981 2582 criterio
999 2531 1123 2607 parem
1145 2509 1261 2584 adhuc
1276 2509 1445 2584 habuisse
1458 2510 1549 2584 vide

227 2629 295 2701 tur
315 2625 511 2720 neminem,
534 2624 742 2700 tribuerunt
761 2647 834 2698 non
854 2620 971 2697 solum
990 2622 1053 2721 qui
1073 2647 1152 2697 eam
1174 2627 1260 2699 sunt
1277 2624 1489 2726 amplexati,
1513 2625 1546 2696 ul

234 2739 533 2833 Chioccarellius
557 2763 683 2818 verum
711 2739 824 2814 etiam
842 2736 1101 2814 Bollandianus
1120 2739 1274 2840 scriptor
1293 2737 1355 2842 (ad
1381 2740 1474 2815 diem
1506 2739 1548 2812 lc
1607 2823 1608 2838 .

233 2853 330 2932 Iunii
358 2857 448 2932 tom.
479 2855 505 2932 2
532 2879 619 2956 pag.
652 2851 728 2930 517
756 2849 917 2956 etseq.)
944 2854 1009 2953 qui
1043 2854 1193 2929 eandem
1226 2855 1448 2955 reprobavit.
1483 2855 1548 2929 Iste

235 2971 412 3072 siquidem
443 2973 595 3061 tuetur,
632 2969 727 3071 quod
755 2993 843 3045 sane
871 2985 927 3043 ex'
944 2967 1098 3042 historia
1138 2967 1367 3068 exploratum
1396 2971 1478 3056 est,
1514 2969 1549 3042 in

234 3088 316 3162 sede
331 3085 574 3188 Neapolitana
590 3090 672 3185 post
689 3083 823 3159 Zosimi
842 3082 1106 3160 abdicationem
1125 3082 1344 3158 successisse
1361 3084 1545 3162 Severum.

234 3202 286 3280 Et
312 3201 484 3304 quoniam
510 3199 623 3300 aliqui
650 3201 832 3290 auctores
854 3195 969 3274 veluti
998 3199 1151 3275 loannes
1174 3197 1360 3276 Diaconus
1378 3199 1417 3277 in
1442 3198 1549 3276 Chro-

234 3321 372 3392 noiomi
396 3314 573 3417 Episcopo.
596 3313 757 3415 Neopoi.
779 3312 1006 3392 Ursicinium
1021 3314 1179 3389 medium
1196 3311 1388 3406 inducunt,
1406 3313 1550 3389 Bollan-

235 3433 363 3510 dianus
390 3431 547 3533 scriptor
574 3431 626 3506 ita
653 3430 854 3506 dissensum
882 3428 1081 3529 componit:
1106 3457 1124 3499 «
1147 3426 1228 3531 Ego
1255 3450 1342 3504 vero
1369 3429 1463 3506 nihil
1502 3427 1549 3504 vi-

240 3548 346 3624 »deo
374 3571 438 3625 cur
464 3570 539 3623 non
579 3543 740 3648 potuerit
766 3543 805 3620 in
833 3545 954 3619 sedem
995 3543 1141 3636 Zosimi,
1179 3542 1342 3620 cessione
1383 3568 1544 3638 vacuam,

239 3661 502 3763 »ablegandus
529 3663 663 3752 Roma,
685 3659 896 3740 Ursicinius
923 3659 1125 3760 designari,
1160 3659 1223 3761 qni
1249 3659 1308 3737 vel
1334 3687 1358 3736 a
1384 3659 1550 3762 Neapoli-

240 3779 379 3856 »tanis
421 3777 597 3855 Severum
643 3775 914 3879 postulantibus
960 3779 1128 3879 receptus
1155 3800 1230 3852 non
1253 3775 1376 3870 fuerit,
1415 3775 1474 3853 vel
1499 3776 1549 3850 ire

239 3894 474 3998 »Neapolim
498 3879 797 3971 recusaverit...
825 3893 901 3970 Nec
928 3895 1050 3969 tamen
1078 3893 1174 3968 inter
1203 3893 1241 3970 S.
1272 3894 1476 3970 Maximum
1515 3893 1549 3966 et

238 4012 454 4091 »Severum
481 4009 727 4113 interponitur
753 4007 884 4110 aliquis
910 4009 990 4085 reri
1020 4008 1178 4086 nominis
1217 4006 1422 4110 Episcopus
1455 4007 1549 4083 Nea-

239 4129 473 4232 »politanus
500 4128 662 4228 »Atque
689 4126 731 4202 de
760 4125 979 4202 auctoritate
1005 4123 1206 4203 testimonii
1232 4123 1439 4201 Marcellini
1465 4122 1549 4196 scite

234 4246 330 4323 idem
355 4243 615 4322 Bollandianus
642 4241 889 4344 prosequitur:
923 4269 941 4314 ‹
981 4239 1250 4318 Certissimum
1276 4243 1316 4316 et
1340 4235 1549 4344 antiquissi-

239 4387 381 4443 »mum
405 4358 653 4438 testimonium
679 4355 849 4456 martyrii
876 4355 915 4431 in
942 4381 1156 4434 aerumnoso
1190 4355 1303 4434 exilio
1342 4380 1409 4460 pro
1435 4356 1549 4433 fidea

240 4505 259 4552 ›
282 4475 321 4553 S.
343 4475 506 4554 Maximo
532 4471 775 4576 Neapolitano
801 4471 986 4573 Episcopo
1013 4473 1102 4548 obiti
1119 4475 1295 4575 praebent
1320 4469 1549 4552 mendacissi-

242 4589 350 4681 »mi‚
374 4592 435 4665 sed
462 4592 586 4666 coaevi
614 4588 810 4689 scriptores
837 4587 925 4679 duo;
951 4587 1116 4690 demque
1153 4615 1223 4666 suo
1256 4590 1454 4668 schismati
1477 4615 1548 4690 pc-

243 4734 262 4796 »
283 4709 489 4790 trocim'um
519 4713 721 4822 quaerunt,
734 4709 1034 4820 patrocinemur
1062 4710 1214 4786 veritati
1233 4707 1303 4788 sub
1338 4712 1460 4824 ipsim
1476 4703 1546 4822 fol·
