3338 4962
520 242 787 302 nrsnammrroms
810 241 984 302 renouarat.
1377 218 1419 300 39

118 347 350 433 alienationis:
381 378 427 429 ex
454 379 497 430 eo
525 355 647 429 autem
674 354 769 454 quod
791 351 1048 431 alienationem
1067 353 1341 431 dismembratio
1361 378 1420 430 sa-

118 471 188 571 piat
211 469 325 544 omnia
352 494 567 545 concurrere
595 473 763 571 oportere
789 471 867 545 tum
894 493 1023 546 causas
1050 473 1128 546 tum
1152 469 1413 562 solemnitates,

118 609 202 684 quae
224 583 504 662 in-alienationc
532 583 783 686 requiruntur,
815 584 920 673 iuxta
947 609 989 660 ea
1016 608 1108 684 quae
1136 588 1278 662 veteres
1305 585 1417 660 tradi-

118 699 251 790 derunt,
284 704 326 775 ut
352 700 476 774 Abbas
512 699 550 774 in
586 724 666 800 cap.
690 698 753 774 Ad
778 698 1019 774 accedentiam
1045 723 1086 773 a.
1108 698 1139 775 2
1165 701 1209 774 dc
1235 699 1419 776 Ecctasa'is

117 814 219 912 uedzs.
239 817 273 888 et
299 812 436 913 passim
463 813 697 891 recentiores
727 813 953 889 Praesertim
982 837 1069 889 vero
1106 813 1145 890 in
1180 814 1343 890 themate
1378 813 1418 890 in

116 952 180 1027 quo
204 929 376 1030 agebatur
401 931 446 1005 dc
472 929 638 1032 plenaria
663 927 995 1021 dismembratione,
1018 929 1073 1004 ita
1100 932 1141 1005 ut
1168 927 1321 1007 ecclesia
1346 931 1420 1006 dis·

116 1043 299 1120 membrata
325 1043 474 1120 omnino
501 1043 668 1120 seiuncta
694 1046 731 1118 et
756 1042 1003 1145 independens
1031 1044 1076 1120 ab
1095 1044 1248 1122 ecclesia
1265 1045 1417 1122 matrice

116 1158 352 1234 constituenda
379 1164 489 1236 esset.

186 1273 358 1349 Aroteres
384 1272 661 1376 probatissimos
688 1272 771 1348 inde
789 1273 946 1365 tradere,
969 1273 1327 1352 dismembrationem
1354 1275 1417 1352 ad-

114 1387 310 1466 mittendam
329 1413 402 1465 non
420 1414 512 1485 esse,
536 1388 566 1464 si
588 1387 680 1464 alius
698 1391 870 1490 suppetat
887 1388 1012 1464 modus
1031 1389 1244 1490 providendi
1265 1387 1340 1491 (ex.
1354 1415 1411 1492 gr.

114 1529 169 1603 per
192 1505 365 1581 ricarium
392 1510 457 1583 aut
475 1502 718 1608 capellanum)
739 1502 897 1580 fidelium
925 1504 1225 1597 necessitatibus,
1254 1505 1417 1584 Barbosa
1477 1583 1480 1593 ,

114 1619 171 1694 Ius
199 1621 323 1696 eccles.
352 1620 473 1701 aaa
499 1648 531 1695 c.
553 1619 584 1699 2
610 1645 651 1694 o.
674 1621 727 1705 8,
757 1617 820 1694 ubi
853 1617 1018 1720 pluribus
1052 1619 1332 1703 auctoritatibus
1358 1621 1416 1696 in-

114 1735 205 1808 nixus
229 1736 393 1838 scripsit:
419 1766 436 1809 ‹
460 1735 662 1813 Parochias
684 1733 804 1811 'novas
832 1735 994 1836 erigendi
1021 1735 1119 1811 iusta
1137 1760 1248 1811 causa
1270 1736 1415 1832 videtur

117 1876 131 1918 ›
149 1849 416 1928 incommoditas
434 1849 559 1954 populi
577 1849 623 1926 ad
640 1849 848 1950 recipienda
866 1847 1103 1927 Sacramenta
1122 1853 1160 1925 et
1173 1850 1217 1926 ad
1237 1851 1416 1927 audienda

116 1965 263 2041 »divina
289 1965 410 2043 officia
436 1970 474 2043 et
500 1991 572 2043 non
601 1965 738 2042 sufficit
764 1963 946 2066 quaelibet
973 1965 1147 2042 distantia
1170 1967 1230 2042 sed
1250 1991 1294 2042 ea
1312 1965 1415 2042 dum-

116 2083 243 2156 ›taxat
279 2107 373 2184 quae
400 2082 552 2184 praebet
586 2079 836 2156 difficultatem
871 2081 1102 2182 parochianis
1141 2079 1296 2158 adeundi
1332 2104 1416 2156 cum

116 2221 273 2299 »magno
291 2198 519 2276 incommodo
538 2199 583 2275 ad
601 2195 832 2297 percipienda
850 2200 1079 2273 sacramenta
1097 2200 1134 2273 et
1151 2197 1277 2272 divina
1295 2195 1416 2274 officia

116 2313 382 2390 ›audienda....
410 2313 519 2397 Quod
552 2311 704 2414 quidem
740 2311 934 2388 limitatur
969 2317 1051 2388 nisi
1077 2317 1120 2386 in
1148 2313 1227 2387 loco
1254 2317 1415 2389 mtaime

115 2428 283 2528 »difficili
308 2453 374 2503 occ
402 2427 639 2504 incommodo
672 2424 895 2503 oratorium
922 2429 1067 2504 adesset
1084 2428 1143 2503 oct
1160 2428 1314 2504 ecclesia
1333 2452 1415 2504 cum

116 2541 238 2620 »fonte
263 2542 470 2644 baptismali
497 2548 535 2621 et
561 2541 691 2618 ceteris
719 2541 765 2617 ad
791 2542 1003 2644 parochiam
1029 2541 1261 2635 necessariis,
1292 2542 1415 2643 ibique

115 2665 291 2756 »poneret
321 2660 460 2736 Rector
487 2658 720 2735 Sacerdotem
747 2657 785 2733 in
813 2658 870 2734 sui
898 2658 1140 2752 adiutorium,
1173 2660 1216 2734 ut
1242 2682 1306 2758 per
1333 2659 1414 2734 Me-

116 2775 247 2849 ›noch
270 2797 371 2848 cona.
392 2773 479 2848 477
500 2797 541 2849 a.
562 2772 601 2859 9,
622 2773 721 2849 ioan.
744 2774 855 2874 Bapt.
877 2771 989 2850 Costa
1015 2773 1172 2850 Remed.
1196 2773 1270 2858 76,
1293 2772 1411 2850 Alcis.

117 2887 245 2964 ›Ricc
267 2889 397 2965 Resot.
422 2888 509 2963 476
538 2913 578 2961 a.
602 2889 644 2964 6.
673 2887 825 2974 Quando
852 2913 938 2964 vero
966 2888 1063 2964 solus
1090 2887 1250 2966 Curatus
1289 2889 1414 2964 eodem

117 3005 303 3104 »tempore
339 3003 505 3106 pluribus
533 3001 687 3112 infirmis
722 3002 914 3104 providere
949 3027 1023 3078 non
1051 3005 1192 3104 potest,
1225 3005 1313 3077 tunc
1340 3025 1413 3078 non

118 3115 248 3192 »datur
278 3119 378 3194 iusta
413 3141 524 3192 causa
550 3115 760 3219 providendi
790 3117 1011 3193 Parochiam
1039 3117 1100 3193 sed
1126 3116 1320 3193 adhibendi
1345 3117 1415 3191 mi-

119 3233 274 3310 ›uistros
301 3235 549 3324 coadiutores‚
582 3235 683 3311 Rota
709 3234 821 3308 dacis.
845 3235 935 3308 488
963 3244 1100 3309 recent.
1131 3258 1173 3307 o.
1196 3232 1225 3308 5
1254 3239 1296 3305 in
1320 3233 1410 3330 fiac.

118 3349 247 3428 »Unde
274 3350 313 3430 S.
326 3350 573 3453 Congregatio
592 3348 735 3424 censuit
760 3349 982 3450 Episcopum
1003 3348 1042 3424 in
1061 3347 1136 3424 vim
1155 3347 1299 3426 Decreti
1319 3348 1412 3424 Oon·

119 3465 199 3541 »cit
218 3465 421 3544 Tridentini
449 3493 532 3568 cop.
556 3465 584 3541 4
614 3471 655 3540 r'a
671 3471 802 3566 prr'oc.
825 3489 900 3541 nou
926 3490 1033 3567 posse
1060 3463 1202 3567 erigere
1230 3462 1415 3539 coadiuto-

119 3579 243 3676 ›riam‚
267 3583 329 3658 sed
356 3583 483 3682 utique
510 3604 639 3682 cogere
670 3582 863 3656 Rectorem
893 3582 937 3655 ad
965 3579 1234 3680 adiungendum
1262 3576 1331 3652 sibi
1358 3578 1414 3651 tot

121 3695 370 3790 ›Saraerdotes,
403 3697 466 3798 qui
494 3695 678 3772 sufficiant
703 3693 865 3770 ecclesiis
900 3695 938 3770 in
976 3693 1223 3772 Sacramentis
1261 3690 1415 3768 admini-

121 3813 307 3905 ›strandis‚
340 3817 450 3914 prout
477 3810 590 3886 refert
616 3811 833 3886 Armendar.
856 3815 967 3885 etc.»

179 3928 282 4006 Unde
308 3929 475 4004 doctores
503 3931 714 4003 constanter
741 3926 930 4002 tradidisse
966 3923 1321 4003 dismembrationem
1348 3948 1412 4025 pa·

118 4043 298 4119 raedarum
316 4045 443 4120 haberi
462 4047 504 4120 ut
517 4043 716 4120 remedium
736 4043 992 4120 subsidiarium
1011 4047 1049 4118 et
1066 4039 1409 4134 extraordinarium,

118 4157 317 4260 eandemque
344 4160 565 4235 sententiam
602 4158 641 4236 S.
664 4157 996 4261 Congregationem
1023 4155 1175 4235 Concilii
1204 4179 1282 4230 esse
1309 4179 1414 4230 secu-

119 4279 176 4344 tam
199 4279 240 4350 ut
258 4276 297 4350 in
316 4273 525 4350 Caesonem.
544 4273 895 4350 dz'smemdrutioais
913 4271 971 4347 die
994 4268 1041 4346 17
1060 4269 1273 4347 Decembris
1294 4267 1410 4356 irata

121 4381 147 4458 iu
170 4413 207 4464 ea
233 4390 330 4466 enim
349 4416 471 4482 causa,
495 4393 719 4492 exaggerata
744 4413 810 4489 per
836 4386 1061 4487 Episcopum
1089 4384 1264 4460 distantia
1291 4384 1413 4460 cuius-

120 4497 181 4575 dam
206 4501 328 4606 populi
357 4505 402 4580 ab
425 4502 574 4588 ecclesia
601 4499 798 4604 paroeciali
825 4502 864 4579 S..
883 4498 1026 4593 Iuliani,
1051 4498 1219 4599 factaque
1247 4499 1411 4575 dismem-

122 4611 263 4702 bratione
281 4620 481 4730 paroeciae,
504 4618 719 4731 pracsertim
738 4617 782 4696 ob
800 4613 989 4726 paroeciae
1008 4613 1295 4722 amplitudinem,
1319 4637 1412 4724 quae
