<?xml version="1.0" encoding="UTF-8"?>
<!DOCTYPE html PUBLIC "-//W3C//DTD XHTML 1.0 Transitional//EN"
    "http://www.w3.org/TR/xhtml1/DTD/xhtml1-transitional.dtd">
<html xmlns="http://www.w3.org/1999/xhtml" xml:lang="en" lang="en">
 <head>
  <title>
</title>
<meta http-equiv="Content-Type" content="text/html;charset=utf-8" />
  <meta name='ocr-system' content='tesseract 3.04.00' />
  <meta name='ocr-capabilities' content='ocr_page ocr_carea ocr_par ocr_line ocrx_word'/>
</head>
<body>
  <div class='ocr_page' id='page_1' title='image "actasanctaesedi04popegoog_0131.png"; bbox 0 0 3238 4940; ppageno 0'>
   <div class='ocr_carea' id='block_1_1' title="bbox 179 327 904 406">
    <p class='ocr_par' dir='ltr' id='par_1_1' title="bbox 179 327 904 406">
     <span class='ocr_line' id='line_1_1' title="bbox 179 327 904 406; baseline -0.004 -1"><span class='ocrx_word' id='word_1_1' title='bbox 179 327 240 406; x_wconf 73' lang='lat' dir='ltr'><strong>lat</strong></span> <span class='ocrx_word' id='word_1_2' title='bbox 770 349 904 402; x_wconf 76' lang='lat' dir='ltr'><strong>occaect</strong></span> 
     </span>
    </p>
   </div>
   <div class='ocr_carea' id='block_1_2' title="bbox 172 494 1493 763">
    <p class='ocr_par' dir='ltr' id='par_1_2' title="bbox 172 494 1493 763">
     <span class='ocr_line' id='line_1_2' title="bbox 172 494 1488 564; baseline -0.002 -7"><span class='ocrx_word' id='word_1_3' title='bbox 172 497 362 557; x_wconf 67' lang='lat' dir='ltr'><strong>Anneclen.</strong></span> <span class='ocrx_word' id='word_1_4' title='bbox 386 495 659 556; x_wconf 76' lang='lat' dir='ltr'><strong>Confirmatlonls</strong></span> <span class='ocrx_word' id='word_1_5' title='bbox 688 497 807 554; x_wconf 76' lang='lat' dir='ltr'><strong>cultus</strong></span> <span class='ocrx_word' id='word_1_6' title='bbox 834 495 995 564; x_wconf 85' lang='lat' dir='ltr'><strong>praestiti</strong></span> <span class='ocrx_word' id='word_1_7' title='bbox 1026 497 1127 552; x_wconf 79' lang='lat' dir='ltr'><strong>Servo</strong></span> <span class='ocrx_word' id='word_1_8' title='bbox 1158 494 1220 554; x_wconf 83' lang='lat' dir='ltr'><strong>Dal</strong></span> <span class='ocrx_word' id='word_1_9' title='bbox 1249 497 1351 553; x_wconf 86' lang='lat' dir='ltr'><strong>Petro</strong></span> <span class='ocrx_word' id='word_1_10' title='bbox 1381 497 1488 555; x_wconf 69' lang='lat' dir='ltr'><strong>Fabro</strong></span> 
     </span>
     <span class='ocr_line' id='line_1_3' title="bbox 257 591 1493 665; baseline -0.001 -11"><span class='ocrx_word' id='word_1_11' title='bbox 257 597 434 654; x_wconf 79' lang='lat' dir='ltr'><strong>sacerdoti</strong></span> <span class='ocrx_word' id='word_1_12' title='bbox 454 598 612 654; x_wconf 83' lang='lat' dir='ltr'><strong>Professo</strong></span> <span class='ocrx_word' id='word_1_13' title='bbox 634 610 652 652; x_wconf 87' lang='lat' dir='ltr'><strong>e</strong></span> <span class='ocrx_word' id='word_1_14' title='bbox 674 595 844 665; x_wconf 79' lang='lat' dir='ltr'><strong>societate</strong></span> <span class='ocrx_word' id='word_1_15' title='bbox 865 597 956 664; x_wconf 85' lang='lat' dir='ltr'><strong>Iesu,</strong></span> <span class='ocrx_word' id='word_1_16' title='bbox 970 599 1004 654; x_wconf 85' lang='lat' dir='ltr'><strong>at</strong></span> <span class='ocrx_word' id='word_1_17' title='bbox 1025 595 1134 665; x_wconf 85' lang='lat' dir='ltr'><strong>primo</strong></span> <span class='ocrx_word' id='word_1_18' title='bbox 1150 594 1244 654; x_wconf 78' lang='lat' dir='ltr'><strong>socio</strong></span> <span class='ocrx_word' id='word_1_19' title='bbox 1263 591 1297 652; x_wconf 79' lang='grc'><strong>8.</strong></span> <span class='ocrx_word' id='word_1_20' title='bbox 1309 593 1437 663; x_wconf 75' lang='lat' dir='ltr'><strong>Ignatii</strong></span> <span class='ocrx_word' id='word_1_21' title='bbox 1452 594 1493 653; x_wconf 85' lang='lat' dir='ltr'><strong>do</strong></span> 
     </span>
     <span class='ocr_line' id='line_1_4' title="bbox 257 693 741 763; baseline -0.006 -13"><span class='ocrx_word' id='word_1_22' title='bbox 257 693 387 762; x_wconf 78' lang='lat' dir='ltr'><strong>Loyola</strong></span> <span class='ocrx_word' id='word_1_23' title='bbox 406 696 511 750; x_wconf 87' lang='lat' dir='ltr'><strong>Beato</strong></span> <span class='ocrx_word' id='word_1_24' title='bbox 533 696 741 763; x_wconf 84' lang='lat' dir='ltr'><strong>nuncupato.</strong></span> 
     </span>
    </p>
   </div>
   <div class='ocr_carea' id='block_1_3' title="bbox 173 872 1604 952">
    <p class='ocr_par' dir='ltr' id='par_1_3' title="bbox 173 872 1604 952">
     <span class='ocr_line' id='line_1_5' title="bbox 173 872 1604 952; baseline -0.002 -16"><span class='ocrx_word' id='word_1_25' title='bbox 173 937 177 948; x_wconf 76' lang='grc'><em>,</em></span> <span class='ocrx_word' id='word_1_26' title='bbox 258 877 444 936; x_wconf 73' lang='lat' dir='ltr'><strong>necamus.</strong></span> <span class='ocrx_word' id='word_1_27' title='bbox 466 877 534 934; x_wconf 82' lang='lat' dir='ltr'><strong>‹In</strong></span> <span class='ocrx_word' id='word_1_28' title='bbox 556 873 760 950; x_wconf 78' lang='lat' dir='ltr'><strong>Allobrogum</strong></span> <span class='ocrx_word' id='word_1_29' title='bbox 782 874 893 952; x_wconf 90' lang='lat' dir='ltr'><strong>oppido</strong></span> <span class='ocrx_word' id='word_1_30' title='bbox 913 875 1084 942; x_wconf 85' lang='lat' dir='ltr'><strong>Villareto,</strong></span> <span class='ocrx_word' id='word_1_31' title='bbox 1108 872 1262 934; x_wconf 83' lang='lat' dir='ltr'><strong>Dioecesis</strong></span> <span class='ocrx_word' id='word_1_32' title='bbox 1283 873 1358 933; x_wconf 93' lang='lat' dir='ltr'><strong>olim</strong></span> <span class='ocrx_word' id='word_1_33' title='bbox 1379 874 1498 934; x_wconf 82' lang='lat' dir='ltr'><strong>Gebau·</strong></span> <span class='ocrx_word' id='word_1_34' title='bbox 1599 935 1604 951; x_wconf 40' lang='grc' dir='ltr'><strong>ι</strong></span> 
     </span>
    </p>
   </div>
   <div class='ocr_carea' id='block_1_4' title="bbox 181 971 1503 1343">
    <p class='ocr_par' dir='ltr' id='par_1_4' title="bbox 181 971 1503 1343">
     <span class='ocr_line' id='line_1_6' title="bbox 181 971 1497 1049; baseline -0.003 -15"><span class='ocrx_word' id='word_1_35' title='bbox 181 974 294 1044; x_wconf 84' lang='lat' dir='ltr'>nensis,</span> <span class='ocrx_word' id='word_1_36' title='bbox 318 972 434 1049; x_wconf 89' lang='lat' dir='ltr'><strong>primas</strong></span> <span class='ocrx_word' id='word_1_37' title='bbox 455 971 561 1030; x_wconf 89' lang='lat' dir='ltr'><strong>hausit</strong></span> <span class='ocrx_word' id='word_1_38' title='bbox 583 972 665 1032; x_wconf 89' lang='lat' dir='ltr'><strong>vitae</strong></span> <span class='ocrx_word' id='word_1_39' title='bbox 687 989 779 1031; x_wconf 91' lang='lat' dir='ltr'><strong>auras</strong></span> <span class='ocrx_word' id='word_1_40' title='bbox 800 975 913 1032; x_wconf 86' lang='lat' dir='ltr'><strong>Petrus</strong></span> <span class='ocrx_word' id='word_1_41' title='bbox 934 973 1046 1042; x_wconf 81' lang='lat' dir='ltr'><strong>Faber,</strong></span> <span class='ocrx_word' id='word_1_42' title='bbox 1064 972 1147 1031; x_wconf 87' lang='lat' dir='ltr'><strong>alter</strong></span> <span class='ocrx_word' id='word_1_43' title='bbox 1168 991 1206 1031; x_wconf 85' lang='lat' dir='ltr'><strong>ex</strong></span> <span class='ocrx_word' id='word_1_44' title='bbox 1221 973 1401 1049; x_wconf 88' lang='lat' dir='ltr'><strong>apostolicis</strong></span> <span class='ocrx_word' id='word_1_45' title='bbox 1422 974 1497 1032; x_wconf 83' lang='lat' dir='ltr'><strong>viris</strong></span> 
     </span>
     <span class='ocr_line' id='line_1_7' title="bbox 182 1071 1497 1150; baseline -0.002 -18"><span class='ocrx_word' id='word_1_46' title='bbox 182 1074 234 1150; x_wconf 88' lang='lat' dir='ltr'><strong>qui</strong></span> <span class='ocrx_word' id='word_1_47' title='bbox 256 1071 383 1131; x_wconf 86' lang='lat' dir='ltr'><strong>inclitae</strong></span> <span class='ocrx_word' id='word_1_48' title='bbox 405 1071 570 1130; x_wconf 87' lang='lat' dir='ltr'><strong>Societutis</strong></span> <span class='ocrx_word' id='word_1_49' title='bbox 592 1073 658 1130; x_wconf 90' lang='lat' dir='ltr'><strong>Iesu</strong></span> <span class='ocrx_word' id='word_1_50' title='bbox 681 1071 885 1132; x_wconf 80' lang='lat' dir='ltr'><strong>illustrarunt</strong></span> <span class='ocrx_word' id='word_1_51' title='bbox 903 1071 1085 1148; x_wconf 89' lang='lat' dir='ltr'><strong>primordia.</strong></span> <span class='ocrx_word' id='word_1_52' title='bbox 1101 1073 1127 1130; x_wconf 83' lang='lat' dir='ltr'><strong>A</strong></span> <span class='ocrx_word' id='word_1_53' title='bbox 1143 1072 1243 1147; x_wconf 85' lang='lat' dir='ltr'><strong>prima</strong></span> <span class='ocrx_word' id='word_1_54' title='bbox 1256 1075 1360 1132; x_wconf 86' lang='lat' dir='ltr'><strong>aetate</strong></span> <span class='ocrx_word' id='word_1_55' title='bbox 1375 1089 1497 1148; x_wconf 83' lang='lat' dir='ltr'><strong>pascen-</strong></span> 
     </span>
     <span class='ocr_line' id='line_1_8' title="bbox 182 1167 1497 1246; baseline -0.003 -16"><span class='ocrx_word' id='word_1_56' title='bbox 182 1171 231 1230; x_wconf 89' lang='lat' dir='ltr'><strong>dis</strong></span> <span class='ocrx_word' id='word_1_57' title='bbox 251 1169 397 1246; x_wconf 80' lang='lat' dir='ltr'><strong>gregibus</strong></span> <span class='ocrx_word' id='word_1_58' title='bbox 418 1167 448 1226; x_wconf 88' lang='lat' dir='ltr'><strong>iu</strong></span> <span class='ocrx_word' id='word_1_59' title='bbox 473 1169 575 1244; x_wconf 86' lang='lat' dir='ltr'><strong>patria</strong></span> <span class='ocrx_word' id='word_1_60' title='bbox 596 1170 747 1240; x_wconf 82' lang='lat' dir='ltr'><strong>addictus,</strong></span> <span class='ocrx_word' id='word_1_61' title='bbox 770 1169 831 1228; x_wconf 86' lang='lat' dir='ltr'><strong>suit</strong></span> <span class='ocrx_word' id='word_1_62' title='bbox 852 1169 993 1244; x_wconf 85' lang='lat' dir='ltr'>deinceps</span> <span class='ocrx_word' id='word_1_63' title='bbox 1014 1186 1120 1228; x_wconf 88' lang='lat' dir='ltr'><strong>eorum</strong></span> <span class='ocrx_word' id='word_1_64' title='bbox 1142 1169 1291 1228; x_wconf 89' lang='lat' dir='ltr'><strong>sociorum</strong></span> <span class='ocrx_word' id='word_1_65' title='bbox 1307 1168 1427 1245; x_wconf 91' lang='lat' dir='ltr'><strong>primus</strong></span> <span class='ocrx_word' id='word_1_66' title='bbox 1447 1168 1497 1246; x_wconf 89' lang='lat' dir='ltr'><strong>qni</strong></span> 
     </span>
     <span class='ocr_line' id='line_1_9' title="bbox 183 1264 1503 1343; baseline -0.002 -16"><span class='ocrx_word' id='word_1_67' title='bbox 183 1266 306 1343; x_wconf 85' lang='lat' dir='ltr'><strong>Ignatio</strong></span> <span class='ocrx_word' id='word_1_68' title='bbox 328 1267 365 1326; x_wconf 91' lang='lat' dir='ltr'><strong>de</strong></span> <span class='ocrx_word' id='word_1_69' title='bbox 380 1265 500 1342; x_wconf 84' lang='lat' dir='ltr'><strong>Loyola</strong></span> <span class='ocrx_word' id='word_1_70' title='bbox 522 1266 551 1323; x_wconf 93' lang='lat' dir='ltr'><strong>in</strong></span> <span class='ocrx_word' id='word_1_71' title='bbox 574 1265 741 1325; x_wconf 88' lang='lat' dir='ltr'><strong>Parisiensi</strong></span> <span class='ocrx_word' id='word_1_72' title='bbox 762 1265 931 1325; x_wconf 79' lang='lat' dir='ltr'><strong>Academia</strong></span> <span class='ocrx_word' id='word_1_73' title='bbox 951 1265 982 1323; x_wconf 92' lang='lat' dir='ltr'><strong>in</strong></span> <span class='ocrx_word' id='word_1_74' title='bbox 1005 1264 1186 1341; x_wconf 76' lang='lat' dir='ltr'><strong>perfectiori</strong></span> <span class='ocrx_word' id='word_1_75' title='bbox 1205 1266 1337 1324; x_wconf 91' lang='lat' dir='ltr'><strong>ineundo</strong></span> <span class='ocrx_word' id='word_1_76' title='bbox 1353 1266 1439 1326; x_wconf 83' lang='lat' dir='ltr'><strong>ritae</strong></span> <span class='ocrx_word' id='word_1_77' title='bbox 1452 1285 1503 1342; x_wconf 89' lang='lat' dir='ltr'><strong>ge-</strong></span> 
     </span>
    </p>
   </div>
   <div class='ocr_carea' id='block_1_5' title="bbox 183 1363 1604 1440">
    <p class='ocr_par' dir='ltr' id='par_1_5' title="bbox 183 1363 1604 1440">
     <span class='ocr_line' id='line_1_10' title="bbox 183 1363 1604 1440; baseline -0.002 -15"><span class='ocrx_word' id='word_1_78' title='bbox 183 1383 256 1425; x_wconf 91' lang='lat' dir='ltr'><strong>nere</strong></span> <span class='ocrx_word' id='word_1_79' title='bbox 278 1381 309 1422; x_wconf 88' lang='lat' dir='ltr'><strong>se</strong></span> <span class='ocrx_word' id='word_1_80' title='bbox 330 1381 362 1422; x_wconf 88' lang='lat' dir='ltr'><strong>se</strong></span> <span class='ocrx_word' id='word_1_81' title='bbox 384 1363 566 1436; x_wconf 78' lang='lat' dir='ltr'><strong>adiunxere3</strong></span> <span class='ocrx_word' id='word_1_82' title='bbox 589 1364 707 1440; x_wconf 89' lang='lat' dir='ltr'><strong>primus</strong></span> <span class='ocrx_word' id='word_1_83' title='bbox 729 1364 779 1440; x_wconf 84' lang='lat' dir='ltr'><strong>qui</strong></span> <span class='ocrx_word' id='word_1_84' title='bbox 798 1368 874 1423; x_wconf 92' lang='lat' dir='ltr'><strong>nutu</strong></span> <span class='ocrx_word' id='word_1_85' title='bbox 891 1364 980 1423; x_wconf 89' lang='lat' dir='ltr'><strong>Pauli</strong></span> <span class='ocrx_word' id='word_1_86' title='bbox 996 1365 1039 1423; x_wconf 87' lang='grc' dir='ltr'><strong>ΙΙΙ</strong></span> <span class='ocrx_word' id='word_1_87' title='bbox 1059 1363 1177 1422; x_wconf 89' lang='lat' dir='ltr'><strong>Summi</strong></span> <span class='ocrx_word' id='word_1_88' title='bbox 1192 1363 1354 1423; x_wconf 81' lang='lat' dir='ltr'><strong>Pontificis</strong></span> <span class='ocrx_word' id='word_1_89' title='bbox 1373 1364 1406 1422; x_wconf 90' lang='lat' dir='ltr'><strong>in</strong></span> <span class='ocrx_word' id='word_1_90' title='bbox 1428 1366 1502 1424; x_wconf 85' lang='lat' dir='ltr'><strong>Ger·</strong></span> <span class='ocrx_word' id='word_1_91' title='bbox 1603 1420 1604 1435; x_wconf 66' lang='lat'><strong>,</strong></span> 
     </span>
    </p>
   </div>
   <div class='ocr_carea' id='block_1_6' title="bbox 101 1459 1519 4856">
    <p class='ocr_par' dir='ltr' id='par_1_6' title="bbox 101 1459 1513 3487">
     <span class='ocr_line' id='line_1_11' title="bbox 183 1459 1504 1538; baseline -0.003 -16"><span class='ocrx_word' id='word_1_92' title='bbox 183 1463 316 1522; x_wconf 89' lang='lat' dir='ltr'><strong>maniam</strong></span> <span class='ocrx_word' id='word_1_93' title='bbox 338 1461 495 1538; x_wconf 86' lang='lat' dir='ltr'><strong>proiectus</strong></span> <span class='ocrx_word' id='word_1_94' title='bbox 516 1461 704 1520; x_wconf 89' lang='lat' dir='ltr'><strong>intemerata</strong></span> <span class='ocrx_word' id='word_1_95' title='bbox 725 1461 898 1520; x_wconf 85' lang='lat' dir='ltr'><strong>catholicae</strong></span> <span class='ocrx_word' id='word_1_96' title='bbox 921 1459 991 1519; x_wconf 83' lang='lat' dir='ltr'><strong>fidei</strong></span> <span class='ocrx_word' id='word_1_97' title='bbox 1013 1462 1176 1536; x_wconf 85' lang='lat' dir='ltr'><strong>Dogmata,</strong></span> <span class='ocrx_word' id='word_1_98' title='bbox 1192 1462 1225 1518; x_wconf 87' lang='lat' dir='ltr'><strong>et</strong></span> <span class='ocrx_word' id='word_1_99' title='bbox 1245 1459 1382 1519; x_wconf 86' lang='lat' dir='ltr'><strong>divinam</strong></span> <span class='ocrx_word' id='word_1_100' title='bbox 1402 1460 1504 1520; x_wconf 86' lang='lat' dir='ltr'><strong>Eccle-</strong></span> 
     </span>
     <span class='ocr_line' id='line_1_12' title="bbox 184 1556 1500 1634; baseline -0.001 -16"><span class='ocrx_word' id='word_1_101' title='bbox 184 1559 246 1620; x_wconf 88' lang='lat' dir='ltr'><strong>siae</strong></span> <span class='ocrx_word' id='word_1_102' title='bbox 268 1557 487 1618; x_wconf 87' lang='lat' dir='ltr'><strong>auctoritatem</strong></span> <span class='ocrx_word' id='word_1_103' title='bbox 506 1576 565 1634; x_wconf 89' lang='lat' dir='ltr'><strong>qua</strong></span> <span class='ocrx_word' id='word_1_104' title='bbox 577 1575 649 1616; x_wconf 84' lang='lat' dir='ltr'><strong>voce</strong></span> <span class='ocrx_word' id='word_1_105' title='bbox 664 1575 724 1632; x_wconf 90' lang='lat' dir='ltr'><strong>qua</strong></span> <span class='ocrx_word' id='word_1_106' title='bbox 735 1557 861 1630; x_wconf 87' lang='lat' dir='ltr'><strong>scriptis</strong></span> <span class='ocrx_word' id='word_1_107' title='bbox 878 1557 994 1615; x_wconf 87' lang='lat' dir='ltr'><strong>invicto</strong></span> <span class='ocrx_word' id='word_1_108' title='bbox 1006 1556 1141 1632; x_wconf 89' lang='lat' dir='ltr'><strong>pectoris</strong></span> <span class='ocrx_word' id='word_1_109' title='bbox 1154 1556 1263 1614; x_wconf 92' lang='lat' dir='ltr'><strong>robore</strong></span> <span class='ocrx_word' id='word_1_110' title='bbox 1279 1557 1500 1633; x_wconf 85' lang='lat' dir='ltr'><strong>propugnavit.</strong></span> 
     </span>
     <span class='ocr_line' id='line_1_13' title="bbox 184 1652 1503 1733; baseline -0.003 -16"><span class='ocrx_word' id='word_1_111' title='bbox 184 1660 258 1719; x_wconf 87' lang='lat' dir='ltr'><strong>Inde</strong></span> <span class='ocrx_word' id='word_1_112' title='bbox 279 1674 335 1733; x_wconf 92' lang='lat' dir='ltr'><strong>per</strong></span> <span class='ocrx_word' id='word_1_113' title='bbox 355 1655 421 1714; x_wconf 82' lang='lat' dir='ltr'><strong>lere</strong></span> <span class='ocrx_word' id='word_1_114' title='bbox 443 1673 546 1714; x_wconf 91' lang='lat' dir='ltr'><strong>omnes</strong></span> <span class='ocrx_word' id='word_1_115' title='bbox 567 1654 743 1732; x_wconf 89' lang='lat' dir='ltr'><strong>provincias</strong></span> <span class='ocrx_word' id='word_1_116' title='bbox 759 1652 870 1728; x_wconf 88' lang='lat' dir='ltr'><strong>Belgii,</strong></span> <span class='ocrx_word' id='word_1_117' title='bbox 886 1653 1052 1728; x_wconf 83' lang='lat' dir='ltr'><strong>Hispaniae</strong></span> <span class='ocrx_word' id='word_1_118' title='bbox 1067 1653 1294 1714; x_wconf 85' lang='lat' dir='ltr'><strong>etLusitaulaa</strong></span> <span class='ocrx_word' id='word_1_119' title='bbox 1316 1652 1503 1726; x_wconf 82' lang='lat' dir='ltr'><strong>discurrens,</strong></span> 
     </span>
     <span class='ocr_line' id='line_1_14' title="bbox 186 1750 1506 1826; baseline -0.002 -12"><span class='ocrx_word' id='word_1_120' title='bbox 186 1753 358 1816; x_wconf 88' lang='lat' dir='ltr'><strong>uberrimos</strong></span> <span class='ocrx_word' id='word_1_121' title='bbox 380 1752 501 1812; x_wconf 85' lang='lat' dir='ltr'><strong>fructus</strong></span> <span class='ocrx_word' id='word_1_122' title='bbox 523 1753 554 1812; x_wconf 92' lang='lat' dir='ltr'><strong>in</strong></span> <span class='ocrx_word' id='word_1_123' title='bbox 575 1753 734 1813; x_wconf 87' lang='lat' dir='ltr'><strong>Dominico</strong></span> <span class='ocrx_word' id='word_1_124' title='bbox 758 1750 922 1810; x_wconf 83' lang='lat' dir='ltr'><strong>excolendo</strong></span> <span class='ocrx_word' id='word_1_125' title='bbox 943 1768 1031 1826; x_wconf 90' lang='lat' dir='ltr'><strong>agro,</strong></span> <span class='ocrx_word' id='word_1_126' title='bbox 1047 1755 1140 1826; x_wconf 88' lang='lat' dir='ltr'><strong>atque</strong></span> <span class='ocrx_word' id='word_1_127' title='bbox 1160 1751 1198 1810; x_wconf 89' lang='lat' dir='ltr'><strong>ab</strong></span> <span class='ocrx_word' id='word_1_128' title='bbox 1218 1751 1434 1812; x_wconf 84' lang='lat' dir='ltr'><strong>infestantium</strong></span> <span class='ocrx_word' id='word_1_129' title='bbox 1455 1770 1506 1814; x_wconf 84' lang='lat' dir='ltr'><strong>er-</strong></span> 
     </span>
     <span class='ocr_line' id='line_1_15' title="bbox 186 1847 1505 1925; baseline -0.003 -13"><span class='ocrx_word' id='word_1_130' title='bbox 186 1869 293 1912; x_wconf 88' lang='lat' dir='ltr'><strong>rorum</strong></span> <span class='ocrx_word' id='word_1_131' title='bbox 317 1851 368 1911; x_wconf 90' lang='lat' dir='ltr'><strong>lue</strong></span> <span class='ocrx_word' id='word_1_132' title='bbox 390 1853 542 1911; x_wconf 85' lang='lat' dir='ltr'><strong>servando</strong></span> <span class='ocrx_word' id='word_1_133' title='bbox 565 1849 676 1925; x_wconf 90' lang='lat' dir='ltr'><strong>ubique</strong></span> <span class='ocrx_word' id='word_1_134' title='bbox 697 1849 838 1924; x_wconf 86' lang='lat' dir='ltr'><strong>collegit.</strong></span> <span class='ocrx_word' id='word_1_135' title='bbox 862 1849 937 1908; x_wconf 84' lang='lat' dir='ltr'><strong>Cum</strong></span> <span class='ocrx_word' id='word_1_136' title='bbox 960 1847 1090 1924; x_wconf 89' lang='lat' dir='ltr'><strong>denique</strong></span> <span class='ocrx_word' id='word_1_137' title='bbox 1111 1852 1342 1908; x_wconf 79' lang='lat' dir='ltr'><strong>consummatus</strong></span> <span class='ocrx_word' id='word_1_138' title='bbox 1363 1849 1394 1909; x_wconf 90' lang='lat' dir='ltr'><strong>in</strong></span> <span class='ocrx_word' id='word_1_139' title='bbox 1417 1851 1505 1908; x_wconf 83' lang='lat' dir='ltr'><strong>brevi</strong></span> 
     </span>
     <span class='ocr_line' id='line_1_16' title="bbox 187 1945 1504 2028; baseline -0.005 -16"><span class='ocrx_word' id='word_1_140' title='bbox 187 1957 328 2028; x_wconf 91' lang='lat' dir='ltr'><strong>tempora</strong></span> <span class='ocrx_word' id='word_1_141' title='bbox 349 1948 449 2009; x_wconf 91' lang='lat' dir='ltr'><strong>multa</strong></span> <span class='ocrx_word' id='word_1_142' title='bbox 470 1948 672 2024; x_wconf 86' lang='lat' dir='ltr'><strong>explevisset,</strong></span> <span class='ocrx_word' id='word_1_143' title='bbox 688 1946 839 2005; x_wconf 82' lang='lat' dir='ltr'><strong>Kalendis</strong></span> <span class='ocrx_word' id='word_1_144' title='bbox 860 1945 994 2022; x_wconf 78' lang='lat' dir='ltr'><strong>Augusti</strong></span> <span class='ocrx_word' id='word_1_145' title='bbox 1015 1964 1095 2005; x_wconf 91' lang='lat' dir='ltr'><strong>anuo</strong></span> <span class='ocrx_word' id='word_1_146' title='bbox 1110 1950 1273 2022; x_wconf 89' lang='lat' dir='ltr'><strong>reparatae</strong></span> <span class='ocrx_word' id='word_1_147' title='bbox 1288 1947 1401 2007; x_wconf 88' lang='lat' dir='ltr'><strong>salutis</strong></span> <span class='ocrx_word' id='word_1_148' title='bbox 1417 1947 1504 2016; x_wconf 77' lang='lat'><strong>1546,</strong></span> 
     </span>
     <span class='ocr_line' id='line_1_17' title="bbox 101 2039 1508 2122; baseline -0.005 -14"><span class='ocrx_word' id='word_1_149' title='bbox 101 2039 103 2042; x_wconf 39' lang='lat'>¹</span> <span class='ocrx_word' id='word_1_150' title='bbox 188 2049 302 2108; x_wconf 89' lang='lat' dir='ltr'><strong>aetatis</strong></span> <span class='ocrx_word' id='word_1_151' title='bbox 322 2046 557 2122; x_wconf 81' lang='lat' dir='ltr'><strong>quadragesimo</strong></span> <span class='ocrx_word' id='word_1_152' title='bbox 578 2044 638 2102; x_wconf 87' lang='lat' dir='ltr'><strong>iam</strong></span> <span class='ocrx_word' id='word_1_153' title='bbox 660 2042 800 2117; x_wconf 87' lang='lat' dir='ltr'><strong>expleto,</strong></span> <span class='ocrx_word' id='word_1_154' title='bbox 817 2042 953 2117; x_wconf 87' lang='lat' dir='ltr'><strong>pretiosa</strong></span> <span class='ocrx_word' id='word_1_155' title='bbox 974 2045 1075 2101; x_wconf 87' lang='lat' dir='ltr'><strong>morte</strong></span> <span class='ocrx_word' id='word_1_156' title='bbox 1096 2043 1217 2118; x_wconf 87' lang='lat' dir='ltr'><strong>quievit</strong></span> <span class='ocrx_word' id='word_1_157' title='bbox 1238 2045 1366 2117; x_wconf 87' lang='lat' dir='ltr'><strong>Romae,</strong></span> <span class='ocrx_word' id='word_1_158' title='bbox 1389 2061 1449 2120; x_wconf 91' lang='lat' dir='ltr'><strong>quo</strong></span> <span class='ocrx_word' id='word_1_159' title='bbox 1471 2044 1508 2102; x_wconf 91' lang='lat' dir='ltr'><strong>li-</strong></span> 
     </span>
     <span class='ocr_line' id='line_1_18' title="bbox 187 2137 1508 2214; baseline -0.002 -12"><span class='ocrx_word' id='word_1_160' title='bbox 187 2147 237 2202; x_wconf 90' lang='lat' dir='ltr'><strong>cet</strong></span> <span class='ocrx_word' id='word_1_161' title='bbox 258 2143 376 2202; x_wconf 87' lang='lat' dir='ltr'><strong>tractus</strong></span> <span class='ocrx_word' id='word_1_162' title='bbox 398 2141 566 2212; x_wconf 90' lang='lat' dir='ltr'><strong>laboribus,</strong></span> <span class='ocrx_word' id='word_1_163' title='bbox 582 2145 615 2198; x_wconf 88' lang='lat' dir='ltr'><strong>et</strong></span> <span class='ocrx_word' id='word_1_164' title='bbox 635 2140 749 2199; x_wconf 89' lang='lat' dir='ltr'><strong>attrita</strong></span> <span class='ocrx_word' id='word_1_165' title='bbox 764 2137 955 2210; x_wconf 87' lang='lat' dir='ltr'><strong>valetudine,</strong></span> <span class='ocrx_word' id='word_1_166' title='bbox 972 2139 1064 2214; x_wconf 88' lang='lat' dir='ltr'><strong>paulo</strong></span> <span class='ocrx_word' id='word_1_167' title='bbox 1086 2143 1179 2198; x_wconf 88' lang='lat' dir='ltr'><strong>antea</strong></span> <span class='ocrx_word' id='word_1_168' title='bbox 1200 2139 1393 2200; x_wconf 87' lang='lat' dir='ltr'><strong>obedieutiae</strong></span> <span class='ocrx_word' id='word_1_169' title='bbox 1415 2158 1508 2202; x_wconf 89' lang='lat' dir='ltr'><strong>causa</strong></span> 
     </span>
     <span class='ocr_line' id='line_1_19' title="bbox 186 2236 1509 2316; baseline -0.001 -16"><span class='ocrx_word' id='word_1_170' title='bbox 186 2245 391 2301; x_wconf 85' lang='lat' dir='ltr'><strong>concesserat.</strong></span> <span class='ocrx_word' id='word_1_171' title='bbox 409 2243 493 2300; x_wconf 85' lang='lat' dir='ltr'><strong>Adeo</strong></span> <span class='ocrx_word' id='word_1_172' title='bbox 514 2256 587 2297; x_wconf 84' lang='lat' dir='ltr'><strong>vero</strong></span> <span class='ocrx_word' id='word_1_173' title='bbox 610 2238 700 2296; x_wconf 83' lang='lat' dir='ltr'><strong>firma</strong></span> <span class='ocrx_word' id='word_1_174' title='bbox 719 2240 788 2312; x_wconf 92' lang='lat' dir='ltr'><strong>post</strong></span> <span class='ocrx_word' id='word_1_175' title='bbox 801 2254 833 2294; x_wconf 91' lang='lat' dir='ltr'><strong>se</strong></span> <span class='ocrx_word' id='word_1_176' title='bbox 847 2236 977 2313; x_wconf 90' lang='lat' dir='ltr'><strong>reliquit</strong></span> <span class='ocrx_word' id='word_1_177' title='bbox 991 2237 1170 2298; x_wconf 89' lang='lat' dir='ltr'><strong>sanctitatis</strong></span> <span class='ocrx_word' id='word_1_178' title='bbox 1186 2239 1331 2315; x_wconf 84' lang='lat' dir='ltr'><strong>vestigia,</strong></span> <span class='ocrx_word' id='word_1_179' title='bbox 1349 2243 1395 2312; x_wconf 87' lang='lat' dir='ltr'><strong>ut,</strong></span> <span class='ocrx_word' id='word_1_180' title='bbox 1411 2239 1509 2316; x_wconf 84' lang='lat' dir='ltr'><strong>algais</strong></span> 
     </span>
     <span class='ocr_line' id='line_1_20' title="bbox 187 2334 1510 2416; baseline 0.001 -19"><span class='ocrx_word' id='word_1_181' title='bbox 187 2357 305 2416; x_wconf 89' lang='lat' dir='ltr'><strong>quoque</strong></span> <span class='ocrx_word' id='word_1_182' title='bbox 320 2356 373 2396; x_wconf 91' lang='lat' dir='ltr'><strong>seu</strong></span> <span class='ocrx_word' id='word_1_183' title='bbox 390 2336 561 2407; x_wconf 90' lang='lat' dir='ltr'><strong>miraculis,</strong></span> <span class='ocrx_word' id='word_1_184' title='bbox 576 2354 631 2395; x_wconf 90' lang='lat' dir='ltr'><strong>eeu</strong></span> <span class='ocrx_word' id='word_1_185' title='bbox 647 2334 815 2394; x_wconf 88' lang='lat' dir='ltr'><strong>memoriae</strong></span> <span class='ocrx_word' id='word_1_186' title='bbox 829 2334 986 2410; x_wconf 85' lang='lat' dir='ltr'><strong>proditum</strong></span> <span class='ocrx_word' id='word_1_187' title='bbox 1001 2337 1096 2407; x_wconf 85' lang='lat' dir='ltr'><strong>ost,a</strong></span> <span class='ocrx_word' id='word_1_188' title='bbox 1116 2337 1178 2394; x_wconf 91' lang='lat' dir='ltr'><strong>Deo</strong></span> <span class='ocrx_word' id='word_1_189' title='bbox 1198 2336 1391 2410; x_wconf 84' lang='lat' dir='ltr'><strong>illustratus,</strong></span> <span class='ocrx_word' id='word_1_190' title='bbox 1408 2338 1438 2396; x_wconf 92' lang='lat' dir='ltr'><strong>in</strong></span> <span class='ocrx_word' id='word_1_191' title='bbox 1454 2357 1510 2398; x_wconf 86' lang='lat' dir='ltr'><strong>sua</strong></span> 
     </span>
     <span class='ocr_line' id='line_1_21' title="bbox 187 2432 1508 2517; baseline -0.003 -18"><span class='ocrx_word' id='word_1_192' title='bbox 187 2437 382 2517; x_wconf 89' lang='lat' dir='ltr'><strong>potissimum</strong></span> <span class='ocrx_word' id='word_1_193' title='bbox 404 2435 505 2511; x_wconf 77' lang='lat' dir='ltr'><strong>patrIa</strong></span> <span class='ocrx_word' id='word_1_194' title='bbox 527 2434 630 2510; x_wconf 93' lang='lat' dir='ltr'><strong>populi</strong></span> <span class='ocrx_word' id='word_1_195' title='bbox 653 2434 830 2504; x_wconf 87' lang='lat' dir='ltr'><strong>devotione,</strong></span> <span class='ocrx_word' id='word_1_196' title='bbox 852 2436 885 2492; x_wconf 90' lang='lat' dir='ltr'><strong>at</strong></span> <span class='ocrx_word' id='word_1_197' title='bbox 906 2432 1116 2492; x_wconf 88' lang='lat' dir='ltr'><strong>ecclesiastica</strong></span> <span class='ocrx_word' id='word_1_198' title='bbox 1138 2437 1340 2496; x_wconf 86' lang='lat' dir='ltr'><strong>veneratione</strong></span> <span class='ocrx_word' id='word_1_199' title='bbox 1364 2437 1508 2512; x_wconf 89' lang='lat' dir='ltr'><strong>coeperit</strong></span> 
     </span>
     <span class='ocr_line' id='line_1_22' title="bbox 146 2529 1510 2614; baseline -0.003 -18"><span class='ocrx_word' id='word_1_200' title='bbox 146 2574 149 2579; x_wconf 66' lang='lat'><strong>,</strong></span> <span class='ocrx_word' id='word_1_201' title='bbox 191 2536 334 2614; x_wconf 88' lang='lat' dir='ltr'><strong>protinus</strong></span> <span class='ocrx_word' id='word_1_202' title='bbox 355 2532 506 2592; x_wconf 87' lang='lat' dir='ltr'><strong>decorari.</strong></span> <span class='ocrx_word' id='word_1_203' title='bbox 524 2531 604 2590; x_wconf 89' lang='lat' dir='ltr'><strong>Hinc</strong></span> <span class='ocrx_word' id='word_1_204' title='bbox 627 2531 774 2590; x_wconf 90' lang='lat' dir='ltr'><strong>Villareti</strong></span> <span class='ocrx_word' id='word_1_205' title='bbox 797 2529 828 2587; x_wconf 92' lang='lat' dir='ltr'><strong>in</strong></span> <span class='ocrx_word' id='word_1_206' title='bbox 850 2529 919 2589; x_wconf 89' lang='lat' dir='ltr'><strong>loco</strong></span> <span class='ocrx_word' id='word_1_207' title='bbox 934 2529 1030 2606; x_wconf 90' lang='lat' dir='ltr'><strong>ipsius</strong></span> <span class='ocrx_word' id='word_1_208' title='bbox 1044 2530 1142 2604; x_wconf 86' lang='lat' dir='ltr'><strong>aedis,</strong></span> <span class='ocrx_word' id='word_1_209' title='bbox 1158 2531 1188 2592; x_wconf 90' lang='lat' dir='ltr'><strong>in</strong></span> <span class='ocrx_word' id='word_1_210' title='bbox 1203 2551 1263 2609; x_wconf 88' lang='lat' dir='ltr'><strong>qua</strong></span> <span class='ocrx_word' id='word_1_211' title='bbox 1277 2535 1392 2593; x_wconf 88' lang='lat' dir='ltr'><strong>Petrus</strong></span> <span class='ocrx_word' id='word_1_212' title='bbox 1406 2535 1510 2594; x_wconf 85' lang='lat' dir='ltr'><strong>Faber</strong></span> 
     </span>
     <span class='ocr_line' id='line_1_23' title="bbox 190 2625 1512 2707; baseline -0.005 -12"><span class='ocrx_word' id='word_1_213' title='bbox 190 2637 290 2696; x_wconf 89' lang='lat' dir='ltr'><strong>lucem</strong></span> <span class='ocrx_word' id='word_1_214' title='bbox 312 2635 489 2707; x_wconf 78' lang='lat' dir='ltr'><strong>aspexerat,</strong></span> <span class='ocrx_word' id='word_1_215' title='bbox 505 2629 598 2705; x_wconf 90' lang='lat' dir='ltr'><strong>paulo</strong></span> <span class='ocrx_word' id='word_1_216' title='bbox 619 2631 689 2704; x_wconf 93' lang='lat' dir='ltr'><strong>post</strong></span> <span class='ocrx_word' id='word_1_217' title='bbox 710 2627 830 2686; x_wconf 85' lang='lat' dir='ltr'><strong>felicem</strong></span> <span class='ocrx_word' id='word_1_218' title='bbox 853 2625 920 2684; x_wconf 90' lang='lat' dir='ltr'><strong>eius</strong></span> <span class='ocrx_word' id='word_1_219' title='bbox 935 2627 1090 2684; x_wconf 88' lang='lat' dir='ltr'><strong>decessum</strong></span> <span class='ocrx_word' id='word_1_220' title='bbox 1113 2626 1269 2702; x_wconf 88' lang='lat' dir='ltr'><strong>publicum</strong></span> <span class='ocrx_word' id='word_1_221' title='bbox 1292 2630 1439 2688; x_wconf 88' lang='lat' dir='ltr'><strong>sacellum</strong></span> <span class='ocrx_word' id='word_1_222' title='bbox 1461 2647 1512 2688; x_wconf 92' lang='lat' dir='ltr'><strong>ca-</strong></span> 
     </span>
     <span class='ocr_line' id='line_1_24' title="bbox 191 2723 1511 2804; baseline -0.006 -10"><span class='ocrx_word' id='word_1_223' title='bbox 191 2734 299 2794; x_wconf 90' lang='lat' dir='ltr'><strong>nonice</strong></span> <span class='ocrx_word' id='word_1_224' title='bbox 320 2731 381 2789; x_wconf 88' lang='lat' dir='ltr'><strong>fult</strong></span> <span class='ocrx_word' id='word_1_225' title='bbox 401 2733 563 2800; x_wconf 89' lang='lat' dir='ltr'><strong>erectum,</strong></span> <span class='ocrx_word' id='word_1_226' title='bbox 586 2726 636 2786; x_wconf 93' lang='lat' dir='ltr'><strong>ubi</strong></span> <span class='ocrx_word' id='word_1_227' title='bbox 658 2726 762 2786; x_wconf 86' lang='lat' dir='ltr'><strong>cultus</strong></span> <span class='ocrx_word' id='word_1_228' title='bbox 784 2725 864 2785; x_wconf 89' lang='lat' dir='ltr'><strong>baud</strong></span> <span class='ocrx_word' id='word_1_229' title='bbox 886 2723 987 2783; x_wconf 90' lang='lat' dir='ltr'><strong>dubiis</strong></span> <span class='ocrx_word' id='word_1_230' title='bbox 1008 2724 1286 2801; x_wconf 85' lang='lat' dir='ltr'><strong>significationibus</strong></span> <span class='ocrx_word' id='word_1_231' title='bbox 1314 2729 1461 2804; x_wconf 91' lang='lat' dir='ltr'><strong>primitus</strong></span> <span class='ocrx_word' id='word_1_232' title='bbox 1481 2727 1511 2788; x_wconf 88' lang='lat' dir='ltr'><strong>ei</strong></span> 
     </span>
     <span class='ocr_line' id='line_1_25' title="bbox 191 2823 1510 2903; baseline -0.005 -9"><span class='ocrx_word' id='word_1_233' title='bbox 191 2834 341 2903; x_wconf 89' lang='lat' dir='ltr'><strong>tributus,</strong></span> <span class='ocrx_word' id='word_1_234' title='bbox 354 2830 386 2887; x_wconf 91' lang='lat' dir='ltr'><strong>in</strong></span> <span class='ocrx_word' id='word_1_235' title='bbox 402 2846 456 2887; x_wconf 90' lang='lat' dir='ltr'><strong>suo</strong></span> <span class='ocrx_word' id='word_1_236' title='bbox 471 2844 592 2902; x_wconf 88' lang='lat' dir='ltr'><strong>semper</strong></span> <span class='ocrx_word' id='word_1_237' title='bbox 606 2825 714 2902; x_wconf 86' lang='lat' dir='ltr'><strong>vigore</strong></span> <span class='ocrx_word' id='word_1_238' title='bbox 730 2823 956 2899; x_wconf 88' lang='lat' dir='ltr'><strong>persistens,ad</strong></span> <span class='ocrx_word' id='word_1_239' title='bbox 972 2823 1046 2881; x_wconf 90' lang='lat' dir='ltr'><strong>haec</strong></span> <span class='ocrx_word' id='word_1_240' title='bbox 1062 2841 1156 2898; x_wconf 89' lang='lat' dir='ltr'><strong>usque</strong></span> <span class='ocrx_word' id='word_1_241' title='bbox 1169 2827 1309 2900; x_wconf 88' lang='lat' dir='ltr'><strong>tempora</strong></span> <span class='ocrx_word' id='word_1_242' title='bbox 1323 2825 1510 2888; x_wconf 85' lang='lat' dir='ltr'><strong>dimanavit.</strong></span> 
     </span>
     <span class='ocr_line' id='line_1_26' title="bbox 190 2919 1513 2994; baseline -0.009 0"><span class='ocrx_word' id='word_1_243' title='bbox 190 2931 364 2994; x_wconf 81' lang='lat' dir='ltr'><strong>Accedebat</strong></span> <span class='ocrx_word' id='word_1_244' title='bbox 385 2930 423 2986; x_wconf 92' lang='lat' dir='ltr'><strong>ad</strong></span> <span class='ocrx_word' id='word_1_245' title='bbox 446 2925 507 2986; x_wconf 89' lang='lat' dir='ltr'><strong>ista</strong></span> <span class='ocrx_word' id='word_1_246' title='bbox 529 2943 588 2984; x_wconf 92' lang='lat' dir='ltr'><strong>non</strong></span> <span class='ocrx_word' id='word_1_247' title='bbox 604 2923 702 2983; x_wconf 91' lang='lat' dir='ltr'><strong>solum</strong></span> <span class='ocrx_word' id='word_1_248' title='bbox 724 2922 783 2982; x_wconf 90' lang='lat' dir='ltr'><strong>loci</strong></span> <span class='ocrx_word' id='word_1_249' title='bbox 807 2919 1044 2981; x_wconf 87' lang='lat' dir='ltr'><strong>Ordinariorum</strong></span> <span class='ocrx_word' id='word_1_250' title='bbox 1066 2919 1117 2979; x_wconf 85' lang='lat' dir='ltr'><strong>vel</strong></span> <span class='ocrx_word' id='word_1_251' title='bbox 1133 2920 1303 2980; x_wconf 88' lang='lat' dir='ltr'><strong>tolerantia</strong></span> <span class='ocrx_word' id='word_1_252' title='bbox 1317 2923 1368 2982; x_wconf 85' lang='lat' dir='ltr'><strong>vel</strong></span> <span class='ocrx_word' id='word_1_253' title='bbox 1384 2942 1513 2984; x_wconf 85' lang='lat' dir='ltr'><strong>consen-</strong></span> 
     </span>
     <span class='ocr_line' id='line_1_27' title="bbox 191 3004 1513 3098; baseline -0.005 -10"><span class='ocrx_word' id='word_1_254' title='bbox 191 3047 254 3098; x_wconf 89' lang='lat' dir='ltr'><strong>sus,</strong></span> <span class='ocrx_word' id='word_1_255' title='bbox 277 3028 326 3088; x_wconf 86' lang='lat' dir='ltr'><strong>sed</strong></span> <span class='ocrx_word' id='word_1_256' title='bbox 349 3024 443 3085; x_wconf 89' lang='lat' dir='ltr'><strong>etiam</strong></span> <span class='ocrx_word' id='word_1_257' title='bbox 467 3023 608 3082; x_wconf 89' lang='lat' dir='ltr'><strong>virorum</strong></span> <span class='ocrx_word' id='word_1_258' title='bbox 623 3004 816 3081; x_wconf 71' lang='lat' dir='ltr'><strong>Sanctorum¹</strong></span> <span class='ocrx_word' id='word_1_259' title='bbox 831 3019 990 3078; x_wconf 75' lang='lat' dir='ltr'><strong>Francisci</strong></span> <span class='ocrx_word' id='word_1_260' title='bbox 1009 3019 1151 3090; x_wconf 87' lang='lat' dir='ltr'><strong>Xaverii‚</strong></span> <span class='ocrx_word' id='word_1_261' title='bbox 1167 3037 1203 3078; x_wconf 87' lang='lat' dir='ltr'><strong>ae</strong></span> <span class='ocrx_word' id='word_1_262' title='bbox 1223 3020 1379 3080; x_wconf 87' lang='lat' dir='ltr'><strong>Francisci</strong></span> <span class='ocrx_word' id='word_1_263' title='bbox 1396 3021 1513 3098; x_wconf 89' lang='lat' dir='ltr'><strong>Borgia</strong></span> 
     </span>
     <span class='ocr_line' id='line_1_28' title="bbox 192 3116 1512 3195; baseline -0.008 -9"><span class='ocrx_word' id='word_1_264' title='bbox 192 3123 404 3186; x_wconf 88' lang='lat' dir='ltr'><strong>testimonium</strong></span> <span class='ocrx_word' id='word_1_265' title='bbox 426 3126 459 3181; x_wconf 90' lang='lat' dir='ltr'><strong>et</strong></span> <span class='ocrx_word' id='word_1_266' title='bbox 480 3121 670 3192; x_wconf 88' lang='lat' dir='ltr'><strong>auctoritas,</strong></span> <span class='ocrx_word' id='word_1_267' title='bbox 693 3119 724 3178; x_wconf 93' lang='lat' dir='ltr'><strong>in</strong></span> <span class='ocrx_word' id='word_1_268' title='bbox 747 3118 855 3195; x_wconf 91' lang='lat' dir='ltr'><strong>primis</strong></span> <span class='ocrx_word' id='word_1_269' title='bbox 877 3123 980 3176; x_wconf 87' lang='lat' dir='ltr'><strong>autem</strong></span> <span class='ocrx_word' id='word_1_270' title='bbox 1002 3116 1108 3177; x_wconf 86' lang='lat' dir='ltr'><strong>Sancti</strong></span> <span class='ocrx_word' id='word_1_271' title='bbox 1131 3119 1320 3177; x_wconf 80' lang='lat' dir='ltr'><strong>Geucvensis</strong></span> <span class='ocrx_word' id='word_1_272' title='bbox 1346 3119 1512 3178; x_wconf 79' lang='lat' dir='ltr'><strong>Antistitis</strong></span> 
     </span>
     <span class='ocr_line' id='line_1_29' title="bbox 192 3211 1512 3292; baseline -0.005 -13"><span class='ocrx_word' id='word_1_273' title='bbox 192 3219 349 3280; x_wconf 86' lang='lat' dir='ltr'><strong>Francisci</strong></span> <span class='ocrx_word' id='word_1_274' title='bbox 371 3217 501 3288; x_wconf 90' lang='lat' dir='ltr'><strong>Salesii,</strong></span> <span class='ocrx_word' id='word_1_275' title='bbox 523 3216 576 3292; x_wconf 91' lang='lat' dir='ltr'><strong>qui</strong></span> <span class='ocrx_word' id='word_1_276' title='bbox 598 3217 677 3276; x_wconf 88' lang='lat' dir='ltr'><strong>actis</strong></span> <span class='ocrx_word' id='word_1_277' title='bbox 698 3215 762 3274; x_wconf 90' lang='lat' dir='ltr'><strong>suis</strong></span> <span class='ocrx_word' id='word_1_278' title='bbox 782 3232 818 3273; x_wconf 90' lang='lat' dir='ltr'><strong>ac</strong></span> <span class='ocrx_word' id='word_1_279' title='bbox 840 3211 966 3288; x_wconf 87' lang='lat' dir='ltr'><strong>scriptis</strong></span> <span class='ocrx_word' id='word_1_280' title='bbox 994 3214 1104 3271; x_wconf 88' lang='lat' dir='ltr'><strong>nedum</strong></span> <span class='ocrx_word' id='word_1_281' title='bbox 1133 3215 1324 3289; x_wconf 87' lang='lat' dir='ltr'><strong>praeclaram</strong></span> <span class='ocrx_word' id='word_1_282' title='bbox 1357 3216 1394 3274; x_wconf 86' lang='lat' dir='ltr'><strong>de</strong></span> <span class='ocrx_word' id='word_1_283' title='bbox 1422 3215 1512 3274; x_wconf 91' lang='lat' dir='ltr'><strong>Petri</strong></span> 
     </span>
     <span class='ocr_line' id='line_1_30' title="bbox 191 3309 1512 3391; baseline -0.003 -15"><span class='ocrx_word' id='word_1_284' title='bbox 191 3315 287 3376; x_wconf 87' lang='lat' dir='ltr'><strong>Fabri</strong></span> <span class='ocrx_word' id='word_1_285' title='bbox 315 3314 484 3373; x_wconf 88' lang='lat' dir='ltr'><strong>sanctitate</strong></span> <span class='ocrx_word' id='word_1_286' title='bbox 505 3312 608 3370; x_wconf 89' lang='lat' dir='ltr'><strong>animo</strong></span> <span class='ocrx_word' id='word_1_287' title='bbox 631 3311 690 3369; x_wconf 91' lang='lat' dir='ltr'><strong>sibi</strong></span> <span class='ocrx_word' id='word_1_288' title='bbox 712 3311 778 3370; x_wconf 90' lang='lat' dir='ltr'><strong>alte</strong></span> <span class='ocrx_word' id='word_1_289' title='bbox 798 3311 932 3369; x_wconf 83' lang='lat' dir='ltr'><strong>defixam</strong></span> <span class='ocrx_word' id='word_1_290' title='bbox 954 3309 1128 3385; x_wconf 90' lang='lat' dir='ltr'><strong>opinionem</strong></span> <span class='ocrx_word' id='word_1_291' title='bbox 1150 3312 1317 3388; x_wconf 84' lang='lat' dir='ltr'><strong>expressit,</strong></span> <span class='ocrx_word' id='word_1_292' title='bbox 1333 3315 1384 3372; x_wconf 89' lang='lat' dir='ltr'><strong>sed</strong></span> <span class='ocrx_word' id='word_1_293' title='bbox 1407 3312 1512 3391; x_wconf 89' lang='lat' dir='ltr'><strong>publi-</strong></span> 
     </span>
     <span class='ocr_line' id='line_1_31' title="bbox 191 3406 904 3487; baseline -0.008 -15"><span class='ocrx_word' id='word_1_294' title='bbox 191 3429 259 3472; x_wconf 89' lang='lat' dir='ltr'><strong>cum</strong></span> <span class='ocrx_word' id='word_1_295' title='bbox 282 3427 403 3487; x_wconf 85' lang='lat' dir='ltr'><strong>quoque</strong></span> <span class='ocrx_word' id='word_1_296' title='bbox 423 3408 489 3468; x_wconf 89' lang='lat' dir='ltr'><strong>eius</strong></span> <span class='ocrx_word' id='word_1_297' title='bbox 510 3406 630 3472; x_wconf 78' lang='lat' dir='ltr'><strong>cultum</strong></span> <span class='ocrx_word' id='word_1_298' title='bbox 651 3408 791 3484; x_wconf 88' lang='lat' dir='ltr'><strong>apprime</strong></span> <span class='ocrx_word' id='word_1_299' title='bbox 813 3407 904 3466; x_wconf 83' lang='lat' dir='ltr'><strong>Iovit.</strong></span> 
     </span>
    </p>

    <p class='ocr_par' dir='ltr' id='par_1_7' title="bbox 191 3503 1519 4856">
     <span class='ocr_line' id='line_1_32' title="bbox 271 3503 1515 3582; baseline 0.001 -16"><span class='ocrx_word' id='word_1_300' title='bbox 271 3509 347 3567; x_wconf 78' lang='lat' dir='ltr'><strong>»Da</strong></span> <span class='ocrx_word' id='word_1_301' title='bbox 369 3505 470 3577; x_wconf 88' lang='lat' dir='ltr'><strong>hisee,</strong></span> <span class='ocrx_word' id='word_1_302' title='bbox 494 3503 679 3582; x_wconf 86' lang='lat' dir='ltr'><strong>conquisitis</strong></span> <span class='ocrx_word' id='word_1_303' title='bbox 702 3503 834 3581; x_wconf 90' lang='lat' dir='ltr'><strong>undique</strong></span> <span class='ocrx_word' id='word_1_304' title='bbox 855 3505 975 3566; x_wconf 91' lang='lat' dir='ltr'><strong>idoneis</strong></span> <span class='ocrx_word' id='word_1_305' title='bbox 1001 3507 1035 3566; x_wconf 88' lang='lat' dir='ltr'><strong>et</strong></span> <span class='ocrx_word' id='word_1_306' title='bbox 1056 3504 1204 3582; x_wconf 82' lang='lat' dir='ltr'><strong>gravibus</strong></span> <span class='ocrx_word' id='word_1_307' title='bbox 1233 3507 1443 3580; x_wconf 88' lang='lat' dir='ltr'><strong>documentis,</strong></span> <span class='ocrx_word' id='word_1_308' title='bbox 1465 3507 1515 3566; x_wconf 91' lang='lat' dir='ltr'><strong>in-</strong></span> 
     </span>
     <span class='ocr_line' id='line_1_33' title="bbox 192 3603 1514 3678; baseline -0.001 -13"><span class='ocrx_word' id='word_1_309' title='bbox 192 3610 296 3665; x_wconf 90' lang='lat' dir='ltr'><strong>stante</strong></span> <span class='ocrx_word' id='word_1_310' title='bbox 318 3606 357 3665; x_wconf 85' lang='lat' dir='ltr'><strong>R.</strong></span> <span class='ocrx_word' id='word_1_311' title='bbox 373 3604 410 3662; x_wconf 93' lang='lat' dir='ltr'><strong>P.</strong></span> <span class='ocrx_word' id='word_1_312' title='bbox 427 3603 556 3678; x_wconf 92' lang='lat' dir='ltr'><strong>Iosepho</strong></span> <span class='ocrx_word' id='word_1_313' title='bbox 577 3604 676 3662; x_wconf 84' lang='lat' dir='ltr'><strong>Boero</strong></span> <span class='ocrx_word' id='word_1_314' title='bbox 705 3604 873 3662; x_wconf 89' lang='lat' dir='ltr'><strong>Sacerdote</strong></span> <span class='ocrx_word' id='word_1_315' title='bbox 903 3603 1046 3664; x_wconf 85' lang='lat' dir='ltr'><strong>Protesso</strong></span> <span class='ocrx_word' id='word_1_316' title='bbox 1074 3605 1107 3662; x_wconf 89' lang='lat' dir='ltr'><strong>et</strong></span> <span class='ocrx_word' id='word_1_317' title='bbox 1134 3604 1335 3664; x_wconf 89' lang='lat' dir='ltr'><strong>Postulatore</strong></span> <span class='ocrx_word' id='word_1_318' title='bbox 1365 3607 1514 3666; x_wconf 77' lang='lat' dir='ltr'><strong>Gerlerall</strong></span> 
     </span>
     <span class='ocr_line' id='line_1_34' title="bbox 192 3700 1515 3778; baseline -0.002 -13"><span class='ocrx_word' id='word_1_319' title='bbox 192 3707 361 3766; x_wconf 85' lang='lat' dir='ltr'><strong>Causarum</strong></span> <span class='ocrx_word' id='word_1_320' title='bbox 382 3700 631 3760; x_wconf 85' lang='lat' dir='ltr'><strong>Beatificationis</strong></span> <span class='ocrx_word' id='word_1_321' title='bbox 653 3705 685 3761; x_wconf 88' lang='lat' dir='ltr'><strong>et</strong></span> <span class='ocrx_word' id='word_1_322' title='bbox 706 3701 955 3761; x_wconf 85' lang='lat' dir='ltr'><strong>Cauonlzationis</strong></span> <span class='ocrx_word' id='word_1_323' title='bbox 976 3703 1146 3760; x_wconf 87' lang='lat' dir='ltr'><strong>Servorum</strong></span> <span class='ocrx_word' id='word_1_324' title='bbox 1168 3703 1222 3762; x_wconf 89' lang='lat' dir='ltr'><strong>Dei</strong></span> <span class='ocrx_word' id='word_1_325' title='bbox 1250 3721 1267 3760; x_wconf 91' lang='lat' dir='ltr'><strong>a</strong></span> <span class='ocrx_word' id='word_1_326' title='bbox 1288 3703 1432 3778; x_wconf 86' lang='lat' dir='ltr'><strong>praelata</strong></span> <span class='ocrx_word' id='word_1_327' title='bbox 1457 3706 1515 3763; x_wconf 90' lang='lat' dir='ltr'><strong>So-</strong></span> 
     </span>
     <span class='ocr_line' id='line_1_35' title="bbox 193 3795 1515 3874; baseline -0.001 -14"><span class='ocrx_word' id='word_1_328' title='bbox 193 3803 308 3861; x_wconf 88' lang='lat' dir='ltr'><strong>cietate</strong></span> <span class='ocrx_word' id='word_1_329' title='bbox 330 3801 411 3871; x_wconf 89' lang='lat' dir='ltr'><strong>Iesu,</strong></span> <span class='ocrx_word' id='word_1_330' title='bbox 427 3801 554 3874; x_wconf 86' lang='lat' dir='ltr'><strong>peraeta</strong></span> <span class='ocrx_word' id='word_1_331' title='bbox 575 3815 672 3874; x_wconf 89' lang='lat' dir='ltr'><strong>nuper</strong></span> <span class='ocrx_word' id='word_1_332' title='bbox 692 3802 741 3858; x_wconf 89' lang='lat' dir='ltr'><strong>est</strong></span> <span class='ocrx_word' id='word_1_333' title='bbox 762 3817 780 3859; x_wconf 90' lang='lat' dir='ltr'><strong>a</strong></span> <span class='ocrx_word' id='word_1_334' title='bbox 795 3795 873 3858; x_wconf 75' lang='lat' dir='ltr'><strong>Rriro</strong></span> <span class='ocrx_word' id='word_1_335' title='bbox 890 3801 925 3860; x_wconf 87' lang='lat' dir='ltr'><strong>D.</strong></span> <span class='ocrx_word' id='word_1_336' title='bbox 941 3797 1089 3874; x_wconf 85' lang='lat' dir='ltr'><strong>Episcopo</strong></span> <span class='ocrx_word' id='word_1_337' title='bbox 1103 3799 1301 3870; x_wconf 87' lang='lat' dir='ltr'><strong>Anneciensi‚</strong></span> <span class='ocrx_word' id='word_1_338' title='bbox 1318 3800 1406 3858; x_wconf 88' lang='lat' dir='ltr'><strong>cuius</strong></span> <span class='ocrx_word' id='word_1_339' title='bbox 1420 3800 1515 3860; x_wconf 90' lang='lat' dir='ltr'><strong>iuris·</strong></span> 
     </span>
     <span class='ocr_line' id='line_1_36' title="bbox 193 3895 1516 3976; baseline 0.001 -17"><span class='ocrx_word' id='word_1_340' title='bbox 193 3898 325 3960; x_wconf 92' lang='lat' dir='ltr'><strong>dictioni</strong></span> <span class='ocrx_word' id='word_1_341' title='bbox 346 3897 434 3955; x_wconf 89' lang='lat' dir='ltr'><strong>modo</strong></span> <span class='ocrx_word' id='word_1_342' title='bbox 456 3896 563 3955; x_wconf 88' lang='lat' dir='ltr'><strong>subest</strong></span> <span class='ocrx_word' id='word_1_343' title='bbox 585 3895 734 3959; x_wconf 89' lang='lat' dir='ltr'><strong>Villareti</strong></span> <span class='ocrx_word' id='word_1_344' title='bbox 755 3897 912 3972; x_wconf 92' lang='lat' dir='ltr'><strong>oppidum,</strong></span> <span class='ocrx_word' id='word_1_345' title='bbox 928 3896 1061 3955; x_wconf 88' lang='lat' dir='ltr'><strong>iuridioa</strong></span> <span class='ocrx_word' id='word_1_346' title='bbox 1082 3896 1258 3973; x_wconf 89' lang='lat' dir='ltr'><strong>Inquisltio,</strong></span> <span class='ocrx_word' id='word_1_347' title='bbox 1275 3902 1369 3974; x_wconf 91' lang='lat' dir='ltr'><strong>atque</strong></span> <span class='ocrx_word' id='word_1_348' title='bbox 1389 3917 1430 3958; x_wconf 84' lang='lat' dir='ltr'><strong>cx</strong></span> <span class='ocrx_word' id='word_1_349' title='bbox 1448 3901 1516 3976; x_wconf 92' lang='lat' dir='ltr'><strong>plu·</strong></span> 
     </span>
     <span class='ocr_line' id='line_1_37' title="bbox 192 3994 1518 4072; baseline 0.002 -16"><span class='ocrx_word' id='word_1_350' title='bbox 192 4000 278 4057; x_wconf 87' lang='lat' dir='ltr'><strong>ribus</strong></span> <span class='ocrx_word' id='word_1_351' title='bbox 300 3996 342 4056; x_wconf 89' lang='lat' dir='ltr'><strong>ibi</strong></span> <span class='ocrx_word' id='word_1_352' title='bbox 364 3995 528 4056; x_wconf 86' lang='lat' dir='ltr'><strong>recensitis</strong></span> <span class='ocrx_word' id='word_1_353' title='bbox 551 3994 655 4054; x_wconf 90' lang='lat' dir='ltr'><strong>titulis</strong></span> <span class='ocrx_word' id='word_1_354' title='bbox 681 3995 743 4054; x_wconf 88' lang='lat' dir='ltr'><strong>rite</strong></span> <span class='ocrx_word' id='word_1_355' title='bbox 765 3995 969 4071; x_wconf 87' lang='lat' dir='ltr'><strong>pronuntiate</strong></span> <span class='ocrx_word' id='word_1_356' title='bbox 990 3995 1147 4056; x_wconf 90' lang='lat' dir='ltr'><strong>sententia</strong></span> <span class='ocrx_word' id='word_1_357' title='bbox 1167 4012 1260 4072; x_wconf 88' lang='lat' dir='ltr'><strong>super</strong></span> <span class='ocrx_word' id='word_1_358' title='bbox 1280 4015 1352 4058; x_wconf 88' lang='lat' dir='ltr'><strong>casu</strong></span> <span class='ocrx_word' id='word_1_359' title='bbox 1375 4015 1393 4056; x_wconf 93' lang='lat' dir='ltr'><strong>a</strong></span> <span class='ocrx_word' id='word_1_360' title='bbox 1414 4001 1518 4059; x_wconf 86' lang='lat' dir='ltr'><strong>Gene-</strong></span> 
     </span>
     <span class='ocr_line' id='line_1_38' title="bbox 193 4081 1517 4170; baseline 0 -15"><span class='ocrx_word' id='word_1_361' title='bbox 193 4081 306 4156; x_wconf 83' lang='lat' dir='ltr'><strong>ralium</strong></span> <span class='ocrx_word' id='word_1_362' title='bbox 321 4095 523 4154; x_wconf 88' lang='lat' dir='ltr'><strong>Decretorum</strong></span> <span class='ocrx_word' id='word_1_363' title='bbox 539 4092 783 4170; x_wconf 86' lang='lat' dir='ltr'><strong>praescriptione</strong></span> <span class='ocrx_word' id='word_1_364' title='bbox 805 4096 944 4169; x_wconf 84' lang='lat' dir='ltr'><strong>excepto.</strong></span> <span class='ocrx_word' id='word_1_365' title='bbox 961 4094 1062 4158; x_wconf 87' lang='lat' dir='ltr'><strong>Quare</strong></span> <span class='ocrx_word' id='word_1_366' title='bbox 1085 4092 1226 4151; x_wconf 91' lang='lat' dir='ltr'><strong>omnibus</strong></span> <span class='ocrx_word' id='word_1_367' title='bbox 1252 4093 1290 4152; x_wconf 86' lang='lat' dir='ltr'><strong>ad</strong></span> <span class='ocrx_word' id='word_1_368' title='bbox 1310 4095 1439 4154; x_wconf 88' lang='lat' dir='ltr'><strong>Sacram</strong></span> <span class='ocrx_word' id='word_1_369' title='bbox 1462 4096 1517 4158; x_wconf 87' lang='lat' dir='ltr'><strong>Ri-</strong></span> 
     </span>
     <span class='ocr_line' id='line_1_39' title="bbox 192 4188 1517 4268; baseline 0 -16"><span class='ocrx_word' id='word_1_370' title='bbox 192 4197 281 4252; x_wconf 92' lang='lat' dir='ltr'><strong>tuum</strong></span> <span class='ocrx_word' id='word_1_371' title='bbox 303 4189 583 4268; x_wconf 79' lang='lat' dir='ltr'><strong>congregationem</strong></span> <span class='ocrx_word' id='word_1_372' title='bbox 616 4189 828 4267; x_wconf 76' lang='lat' dir='ltr'><strong>transmissis,</strong></span> <span class='ocrx_word' id='word_1_373' title='bbox 851 4190 889 4250; x_wconf 92' lang='lat' dir='ltr'><strong>ad</strong></span> <span class='ocrx_word' id='word_1_374' title='bbox 915 4188 1098 4250; x_wconf 86' lang='lat' dir='ltr'><strong>instantiam</strong></span> <span class='ocrx_word' id='word_1_375' title='bbox 1127 4192 1193 4249; x_wconf 92' lang='lat' dir='ltr'><strong>tum</strong></span> <span class='ocrx_word' id='word_1_376' title='bbox 1223 4191 1421 4267; x_wconf 87' lang='lat' dir='ltr'><strong>praelaudati</strong></span> <span class='ocrx_word' id='word_1_377' title='bbox 1443 4189 1517 4254; x_wconf 75' lang='lat' dir='ltr'><strong>Rmi</strong></span> 
     </span>
     <span class='ocr_line' id='line_1_40' title="bbox 191 4287 1517 4366; baseline 0 -16"><span class='ocrx_word' id='word_1_378' title='bbox 191 4288 347 4366; x_wconf 84' lang='lat' dir='ltr'><strong>Episcopi,</strong></span> <span class='ocrx_word' id='word_1_379' title='bbox 362 4292 396 4348; x_wconf 90' lang='lat' dir='ltr'><strong>et</strong></span> <span class='ocrx_word' id='word_1_380' title='bbox 415 4288 500 4348; x_wconf 83' lang='lat' dir='ltr'><strong>Gleri</strong></span> <span class='ocrx_word' id='word_1_381' title='bbox 514 4287 729 4364; x_wconf 86' lang='lat' dir='ltr'><strong>Anneciensis,</strong></span> <span class='ocrx_word' id='word_1_382' title='bbox 745 4293 813 4349; x_wconf 90' lang='lat' dir='ltr'><strong>tum</strong></span> <span class='ocrx_word' id='word_1_383' title='bbox 828 4288 963 4349; x_wconf 86' lang='lat' dir='ltr'><strong>eiusdem</strong></span> <span class='ocrx_word' id='word_1_384' title='bbox 976 4287 1195 4362; x_wconf 87' lang='lat' dir='ltr'><strong>Postulatoris,</strong></span> <span class='ocrx_word' id='word_1_385' title='bbox 1211 4290 1244 4347; x_wconf 90' lang='lat' dir='ltr'><strong>et</strong></span> <span class='ocrx_word' id='word_1_386' title='bbox 1262 4289 1431 4350; x_wconf 87' lang='lat' dir='ltr'><strong>Societatis</strong></span> <span class='ocrx_word' id='word_1_387' title='bbox 1446 4293 1517 4352; x_wconf 87' lang='lat' dir='ltr'><strong>lesu</strong></span> 
     </span>
     <span class='ocr_line' id='line_1_41' title="bbox 193 4384 1518 4464; baseline 0.004 -19"><span class='ocrx_word' id='word_1_388' title='bbox 193 4385 370 4460; x_wconf 85' lang='lat' dir='ltr'><strong>universae,</strong></span> <span class='ocrx_word' id='word_1_389' title='bbox 392 4384 586 4464; x_wconf 88' lang='lat' dir='ltr'><strong>subscriptus</strong></span> <span class='ocrx_word' id='word_1_390' title='bbox 606 4385 782 4448; x_wconf 85' lang='lat' dir='ltr'><strong>Oardinalis</strong></span> <span class='ocrx_word' id='word_1_391' title='bbox 803 4384 864 4461; x_wconf 88' lang='lat' dir='ltr'><strong>ipsi</strong></span> <span class='ocrx_word' id='word_1_392' title='bbox 885 4387 998 4445; x_wconf 82' lang='lat' dir='ltr'><strong>Sacrae</strong></span> <span class='ocrx_word' id='word_1_393' title='bbox 1012 4384 1256 4462; x_wconf 81' lang='lat' dir='ltr'><strong>Congregationi</strong></span> <span class='ocrx_word' id='word_1_394' title='bbox 1273 4385 1470 4459; x_wconf 84' lang='lat' dir='ltr'><strong>Praefectus,</strong></span> <span class='ocrx_word' id='word_1_395' title='bbox 1485 4393 1518 4450; x_wconf 92' lang='lat' dir='ltr'><strong>et</strong></span> 
     </span>
     <span class='ocr_line' id='line_1_42' title="bbox 191 4484 1518 4560; baseline 0.001 -14"><span class='ocrx_word' id='word_1_396' title='bbox 191 4487 284 4546; x_wconf 91' lang='lat' dir='ltr'><strong>huius</strong></span> <span class='ocrx_word' id='word_1_397' title='bbox 306 4488 422 4547; x_wconf 82' lang='lat' dir='ltr'><strong>Causae</strong></span> <span class='ocrx_word' id='word_1_398' title='bbox 442 4485 574 4547; x_wconf 86' lang='lat' dir='ltr'><strong>Relator</strong></span> <span class='ocrx_word' id='word_1_399' title='bbox 602 4487 633 4560; x_wconf 84' lang='lat' dir='ltr'><strong>in</strong></span> <span class='ocrx_word' id='word_1_400' title='bbox 660 4484 837 4545; x_wconf 80' lang='lat' dir='ltr'><strong>ordinariis</strong></span> <span class='ocrx_word' id='word_1_401' title='bbox 856 4484 1000 4545; x_wconf 74' lang='lat' dir='ltr'><strong>comitiis</strong></span> <span class='ocrx_word' id='word_1_402' title='bbox 1020 4485 1058 4544; x_wconf 91' lang='lat' dir='ltr'><strong>ad</strong></span> <span class='ocrx_word' id='word_1_403' title='bbox 1080 4484 1266 4544; x_wconf 87' lang='lat' dir='ltr'><strong>Vaticanum</strong></span> <span class='ocrx_word' id='word_1_404' title='bbox 1295 4485 1445 4546; x_wconf 89' lang='lat' dir='ltr'><strong>hodierna</strong></span> <span class='ocrx_word' id='word_1_405' title='bbox 1467 4488 1518 4547; x_wconf 90' lang='lat' dir='ltr'><strong>dia</strong></span> 
     </span>
     <span class='ocr_line' id='line_1_43' title="bbox 191 4580 1519 4662; baseline 0.001 -19"><span class='ocrx_word' id='word_1_406' title='bbox 191 4583 309 4645; x_wconf 88' lang='lat' dir='ltr'><strong>habitis</strong></span> <span class='ocrx_word' id='word_1_407' title='bbox 329 4599 460 4658; x_wconf 88' lang='lat' dir='ltr'><strong>sequens</strong></span> <span class='ocrx_word' id='word_1_408' title='bbox 479 4583 641 4660; x_wconf 90' lang='lat' dir='ltr'><strong>proposuit</strong></span> <span class='ocrx_word' id='word_1_409' title='bbox 662 4582 808 4655; x_wconf 88' lang='lat' dir='ltr'><strong>Dubium,</strong></span> <span class='ocrx_word' id='word_1_410' title='bbox 826 4580 972 4640; x_wconf 91' lang='lat' dir='ltr'><strong>nimirum</strong></span> <span class='ocrx_word' id='word_1_411' title='bbox 988 4598 1007 4642; x_wconf 87' lang='lat'><strong>‹</strong></span> <span class='ocrx_word' id='word_1_412' title='bbox 1022 4581 1077 4641; x_wconf 83' lang='lat' dir='ltr'><strong>Au</strong></span> <span class='ocrx_word' id='word_1_413' title='bbox 1097 4585 1262 4643; x_wconf 79' lang='lat' dir='ltr'><strong>scatentia</strong></span> <span class='ocrx_word' id='word_1_414' title='bbox 1283 4585 1352 4642; x_wconf 86' lang='lat' dir='ltr'><strong>tata</strong></span> <span class='ocrx_word' id='word_1_415' title='bbox 1374 4587 1414 4648; x_wconf 81' lang='lat' dir='ltr'><strong>ab</strong></span> <span class='ocrx_word' id='word_1_416' title='bbox 1436 4585 1519 4662; x_wconf 80' lang='lat' dir='ltr'><strong>Epi-</strong></span> 
     </span>
     <span class='ocr_line' id='line_1_44' title="bbox 191 4677 1519 4757; baseline 0.003 -18"><span class='ocrx_word' id='word_1_417' title='bbox 191 4696 279 4756; x_wconf 86' lang='lat' dir='ltr'><strong>scopo</strong></span> <span class='ocrx_word' id='word_1_418' title='bbox 301 4679 501 4739; x_wconf 79' lang='lat' dir='ltr'><strong>Aauecc&#39;ecst</strong></span> <span class='ocrx_word' id='word_1_419' title='bbox 520 4696 615 4754; x_wconf 85' lang='lat' dir='ltr'><strong>super</strong></span> <span class='ocrx_word' id='word_1_420' title='bbox 630 4677 727 4740; x_wconf 85' lang='lat' dir='ltr'><strong>Guttu</strong></span> <span class='ocrx_word' id='word_1_421' title='bbox 747 4680 850 4739; x_wconf 81' lang='lat' dir='ltr'><strong>eidem</strong></span> <span class='ocrx_word' id='word_1_422' title='bbox 870 4677 966 4740; x_wconf 82' lang='lat' dir='ltr'><strong>Seruo</strong></span> <span class='ocrx_word' id='word_1_423' title='bbox 987 4677 1049 4739; x_wconf 81' lang='lat' dir='ltr'><strong>Dei</strong></span> <span class='ocrx_word' id='word_1_424' title='bbox 1068 4683 1233 4756; x_wconf 81' lang='lat' dir='ltr'><strong>praestito,</strong></span> <span class='ocrx_word' id='word_1_425' title='bbox 1251 4697 1305 4740; x_wconf 84' lang='lat' dir='ltr'><strong>seu</strong></span> <span class='ocrx_word' id='word_1_426' title='bbox 1326 4699 1422 4757; x_wconf 83' lang='lat' dir='ltr'><strong>super</strong></span> <span class='ocrx_word' id='word_1_427' title='bbox 1443 4702 1519 4743; x_wconf 85' lang='lat' dir='ltr'><strong>casu</strong></span> 
     </span>
     <span class='ocr_line' id='line_1_45' title="bbox 192 4773 1519 4856; baseline 0.003 -18"><span class='ocrx_word' id='word_1_428' title='bbox 192 4783 321 4854; x_wconf 76' lang='lat' dir='ltr'><strong>excepto</strong></span> <span class='ocrx_word' id='word_1_429' title='bbox 343 4793 364 4836; x_wconf 89' lang='lat' dir='ltr'><strong>u</strong></span> <span class='ocrx_word' id='word_1_430' title='bbox 385 4773 528 4838; x_wconf 85' lang='lat' dir='ltr'><strong>Decretis</strong></span> <span class='ocrx_word' id='word_1_431' title='bbox 549 4792 597 4836; x_wconf 86' lang='lat' dir='ltr'><strong>su.</strong></span> <span class='ocrx_word' id='word_1_432' title='bbox 612 4792 672 4836; x_wconf 77' lang='lat' dir='ltr'><strong>nte.</strong></span> <span class='ocrx_word' id='word_1_433' title='bbox 689 4775 810 4836; x_wconf 77' lang='lat' dir='ltr'><strong>Urbani</strong></span> <span class='ocrx_word' id='word_1_434' title='bbox 829 4776 915 4837; x_wconf 83' lang='lat' dir='ltr'><em>VIII</em></span> <span class='ocrx_word' id='word_1_435' title='bbox 936 4779 980 4838; x_wconf 84' lang='lat' dir='ltr'><strong>sit</strong></span> <span class='ocrx_word' id='word_1_436' title='bbox 1000 4778 1227 4856; x_wconf 78' lang='lat' dir='ltr'><strong>confirmanda</strong></span> <span class='ocrx_word' id='word_1_437' title='bbox 1249 4781 1285 4840; x_wconf 78' lang='lat' dir='ltr'><strong>tn</strong></span> <span class='ocrx_word' id='word_1_438' title='bbox 1305 4796 1401 4852; x_wconf 83' lang='lat' dir='ltr'><strong>cusu,</strong></span> <span class='ocrx_word' id='word_1_439' title='bbox 1424 4789 1454 4841; x_wconf 83' lang='lat' dir='ltr'><strong>ct</strong></span> <span class='ocrx_word' id='word_1_440' title='bbox 1474 4779 1519 4842; x_wconf 70' lang='lat' dir='ltr'><strong>ull</strong></span> 
     </span>
    </p>
   </div>
   <div class='ocr_carea' id='block_1_7' title="bbox 0 0 1630 4940">
    <p class='ocr_par' dir='ltr' id='par_1_8' title="bbox 0 0 1630 4940">
     <span class='ocr_line' id='line_1_46' title="bbox 0 0 1630 4940; baseline 0 0"><span class='ocrx_word' id='word_1_441' title='bbox 0 0 1630 4940; x_wconf 95' lang='lat' dir='ltr'><strong> </strong></span> 
     </span>
    </p>
   </div>
  </div>
 </body>
</html>
