3338 4962
576 253 655 306 ruris
678 255 857 305 aureorum.
1333 235 1375 306 53

148 353 209 436 His
236 355 463 432 autemnon
491 353 641 430 obstare
667 352 767 456 leges
794 351 937 447 civiles,
970 369 1065 456 quae
1097 352 1380 432 tumulationem

93 473 120 550 in
140 471 271 574 templis
298 470 518 571 prohibeant
544 470 627 570 post
652 467 771 570 legem
798 467 934 571 publici
954 471 1179 547 coemeterii:
1200 469 1380 548 eiusmodi

93 590 164 664 enim
187 588 285 690 leges
313 585 408 662 latas
436 609 549 662 causa
573 582 742 686 publicae
769 585 939 661 sanitatis
965 609 1040 662 non
1080 585 1278 663 immutare
1320 610 1380 662 ee·

92 703 264 779 clesiastiea
290 699 530 777 ecelesiarum
555 698 649 793 iura,
673 700 769 799 quod
796 698 934 801 pluries
962 701 1020 775 est
1037 699 1229 778 delinitum
1249 697 1322 804 (l).

149 819 269 917 Neque
297 813 354 890 his
382 816 530 892 obstare
546 814 805 891 auctoritatem
824 813 901 889 sive
924 814 1130 890 ductorum
1148 815 1228 892 sive
1246 815 1284 894 S.
1303 815 1383 892 Ro-

92 937 135 1006 tae
157 930 228 1007 sive
254 930 322 1008 SS.
345 927 696 1032 Congregationum,
720 955 814 1030 quae
840 927 900 1004 his
927 929 1135 1006 contrariae
1161 929 1279 1007 videri
1299 953 1383 1032 pos-

93 1051 165 1121 sent.
184 1046 488 1122 Animadversum
517 1051 572 1121 est
597 1046 709 1139 enim,
733 1044 912 1122 eiusmodi
931 1046 1171 1122 auctoritates
1188 1045 1248 1122 vel
1274 1069 1382 1147 agere

91 1161 123 1236 de
144 1161 278 1262 templis
304 1160 558 1237 iurisdictione
583 1159 782 1263 paroeciali
809 1160 960 1238 minime
977 1161 1169 1263 exemptio,
1194 1159 1255 1238 vel
1273 1161 1316 1238 de
1335 1160 1382 1237 iis

92 1301 162 1375 quae
186 1276 265 1354 iure
293 1274 491 1378 sepeliendi
510 1299 574 1352 seu
601 1275 798 1352 funerandi
824 1301 900 1352 non
917 1277 1134 1379 gauderent.
1147 1276 1258 1354 Aliud
1274 1301 1383 1380 prae-

91 1399 170 1468 terea
194 1416 272 1468 esse
299 1415 432 1467 verum
460 1388 661 1491 sepeliendi
683 1392 741 1467 ius
769 1393 864 1494 quod
890 1392 1036 1494 templis
1064 1395 1260 1495 competat,
1285 1390 1384 1468 aliud

91 1531 150 1584 esse
173 1509 315 1586 veniam
343 1507 389 1583 ab
416 1506 597 1610 Episcopo
615 1507 753 1585 saetam
770 1505 946 1584 condendi
964 1508 1003 1585 in
1022 1506 1144 1609 aliquo
1163 1505 1301 1609 templo
1321 1507 1384 1582 de-

91 1621 220 1700 functos.
241 1625 284 1700 ln
311 1622 430 1726 primo
458 1621 557 1699 enim
584 1647 672 1701 casu
699 1621 824 1699 omnia
850 1622 1096 1700 emolumenta
1122 1623 1167 1700 ud
1193 1621 1384 1699 ecclesiam

91 1740 306 1816 tumulandam
334 1737 519 1840 pertinere
544 1741 691 1840 praeter
717 1738 926 1842 portionem
961 1739 1175 1814 canonicam
1209 1738 1381 1816 Paroeho

91 1853 223 1930 delitam
250 1857 358 1932 iuxta
383 1853 453 1928 looi
480 1855 794 1947 eonsuetudinem3
816 1854 856 1929 in
873 1854 989 1930 altero
1008 1856 1132 1932 autem
1152 1879 1239 1932 casu
1258 1854 1384 1930 omnia

91 1966 236 2046 funerum
263 1969 511 2048 emolumenta
537 1969 583 2044 ad
611 1969 801 2046 ecelesiam
828 1971 1078 2071 parochialem·
1095 1975 1261 2072 spectare
1284 1973 1327 2046 ut
1345 1969 1384 2045 in

90 2083 269 2174 Helicona,
300 2087 646 2162 emolumentorum
670 2087 917 2185 funeratione
943 2086 1003 2162 uu
1039 2085 1099 2166 28
1127 2086 1226 2164 Iulii
1267 2083 1381 2162 1731

91 2207 180 2300 utque
205 2207 247 2276 in
274 2203 384 2277 aliae.

151 2317 201 2392 Ad
217 2319 378 2394 Decreta
403 2315 500 2419 quod
541 2315 676 2392 attinet
713 2315 752 2395 S.
773 2309 1092 2420 'Congregationis
1128 2317 1195 2396 SS.
1226 2317 1385 2395 Rituum

91 2431 160 2506 enni
187 2430 285 2510 1703
313 2433 609 2509 animadversum
635 2436 705 2528 est,
729 2458 773 2510 ea
799 2433 899 2510 edita
925 2433 1040 2511 fuisse
1059 2435 1104 2510 ad
1122 2433 1329 2512 enodandas
1348 2435 1387 2506 et

91 2549 341 2646 compescendas
367 2547 640 2624 controversias
666 2572 762 2649 quae
789 2573 896 2650 saepe
917 2550 1061 2650 saepius
1080 2549 1295 2627 oriebantur
1313 2550 1383 2625 Pa-

92 2661 199 2736 rochos
224 2661 322 2738 inter
350 2667 387 2739 et
413 2662 747 2741 confraternitates
774 2667 914 2740 erectas
940 2664 980 2740 in
1007 2665 1153 2768 templis
1179 2664 1240 2741 vel
1257 2661 1387 2740 Orato-

92 2774 142 2849 riis
164 2777 326 2877 publicis,
351 2803 444 2881 quae
471 2777 570 2856 intra
597 2777 734 2856 limites
761 2781 1017 2882 paroeciarum
1044 2783 1227 2884 prostant:
1259 2778 1388 2883 proin-

92 2887 184 2988 deque
208 2917 251 2970 ea
268 2895 427 2970 Decreta
452 2894 621 2995 protendi
661 2918 735 2971 nou
761 2919 867 2997 posse
894 2896 938 2972 ad
964 2896 1102 2998 templa
1141 2921 1236 2997 quae
1264 2921 1286 2971 a
1313 2894 1388 2971 Pa-

93 3007 259 3084 rochornm
286 3009 555 3104 iurisdictione,
578 3013 621 3086 ut
646 3011 687 3086 in
712 3009 889 3102 themate,
917 3010 992 3088 sint
1019 3015 1201 3114 exempta,
1220 3012 1300 3088 iure
1327 3013 1389 3086 tu·

94 3120 227 3201 nulaudi
252 3125 426 3228 polleant,
449 3125 712 3229 propriumque
738 3127 902 3202 habeant
929 3130 1140 3206 Rectorem.

155 3239 216 3316 His
254 3242 409 3344 aliisque
436 3242 716 3338 animadversis,
738 3243 929 3346 proposita
955 3248 1042 3321 sunt
1068 3244 1283 3322 resolvenda

96 3505 165 3556 *etus
180 3507 324 3574 reperitur,
345 3509 376 3561 et
394 3502 578 3575 constitutus,
600 3508 703 3575 quique
751 3505 896 3560 nsuetudo
921 3509 986 3573 ipsa
1010 3509 1122 3572 tuetur,
1138 3509 1223 3573 atque
1249 3505 1385 3575 fulcitur,

96 3594 151 3642 ruti
168 3595 299 3650 Perculsus
319 3599 479 3665 respective
505 3598 540 3651 ad
565 3599 702 3650 ldonieles
751 3618 763 3644 n
780 3597 951 3664 opinandum
965 3613 1026 3648 esse
1040 3598 1070 3648 in
1086 3597 1209 3650 favorem
1223 3597 1386 3665 Seminarii,

96 3679 217 3736 elabetur
233 3688 417 3741 communiter
434 3691 463 3740 et
481 3689 631 3741 retinetur.
751 3687 821 3738 nita
839 3691 872 3738 ut
891 3686 1024 3738 ecclesiae
1043 3686 1077 3737 de
1095 3688 1195 3753 quibus
1210 3687 1240 3737 in
1254 3702 1330 3752 casu,
1346 3686 1387 3738 in·

149 3773 314 3836 »Quamnam
334 3791 402 3828 seue
414 3776 612 3829 crudelitatem
625 3793 703 3842 sepe·
750 3774 969 3840 »dependentes
1009 3779 1038 3826 et
1057 3781 1201 3840 exemptae
1226 3774 1388 3826 iudicentur

97 3861 159 3922 'ret
172 3865 358 3930 utPerochus,
370 3866 520 3932 praecipue
531 3866 612 3917 iutra
624 3866 703 3918 cuins
750 3888 762 3915 n
778 3868 813 3919 ab
832 3867 907 3917 omui
929 3866 1113 3918 Peroohoru'm
1132 3867 1341 3934 iurisdictione,
1358 3873 1388 3920 ut

96 3943 245 4004 'Paroreian
262 3954 333 4008 lines
350 3955 435 4006 situm
449 3957 493 4005 est
505 3953 701 4016 Seminarium,
751 3977 762 4004 e
779 3957 886 4020 itinera,
901 3959 1066 4022 ceteraeque
1086 3956 1246 4009 functiones
1267 3957 1388 4009 liberes

97 4038 195 4091 ’cunia
211 4043 264 4094 sibi
282 4044 395 4094 incerte
411 4043 619 4110 contenderet,¹
630 4044 703 4096 inte·
751 4045 934 4097 »constituto
954 4044 1073 4097 (lustode
1092 4047 1191 4112 peragi
1210 4048 1329 4099 valeant
1358 4049 1390 4098 et

97 4125 160 4177 ’rim
176 4135 260 4182 autem
280 4146 361 4184 secra
373 4131 567 4197 supellectilia
585 4133 704 4185 eeclesia
752 4135 937 4186 »exerceris
958 4133 1103 4185 Hactenus
1122 4134 1288 4200 Episcopus.

97 4218 299 4286 »suppeditares
312 4218 413 4272 Gustus
425 4223 488 4285 ipse
501 4235 613 4286 operam
627 4237 704 4272 suam
808 4221 881 4272 Huic
899 4222 1072 4287 exemptioni
1091 4227 1239 4288 praeterea
1252 4225 1388 4277 videban-

96 4301 280 4375 *impenderat
296 4309 366 4376 quin
386 4312 480 4361 temen
494 4310 568 4362 ratio
583 4312 643 4362 ulla
655 4311 703 4363 ha·
751 4314 798 4363 tur
817 4325 924 4376 quoque
943 4311 1093 4374 suffragari
1117 4313 1246 4364 Litterae
1268 4315 1388 4380 Aposto-

95 4391 212 4448 merum
230 4401 274 4451 vel
294 4399 323 4450 in
345 4399 507 4465 Seminarii,
523 4401 569 4451 vel
587 4401 616 4450 in
631 4400 704 4451 eius·
751 4398 840 4464 licae,
861 4414 911 4464 per
931 4415 1000 4464 quas
1019 4416 1052 4452 ea
1071 4401 1178 4467 templa
1203 4400 1318 4453 luerent
1341 4403 1388 4454 Su-

95 4479 168 4534 ·dem
184 4485 308 4540 tuendis
326 4488 463 4540 levorem.
484 4487 560 4550 Quae
583 4503 643 4538 cum
662 4487 705 4540 ita
750 4486 872 4540 minaria
893 4489 1012 4541 tributu.

95 4569 175 4636 ¹rint.
187 4577 252 4629 mihi
272 4577 395 4643 videtur,
411 4579 507 4628 stante
520 4577 578 4628 ista.
589 4590 703 4627 consue·
820 4573 864 4648 (1)
882 4575 983 4629 Ocnier
1009 4593 1080 4644 quae
1105 4579 1211 4631 adduxi
1231 4580 1260 4631 in
1286 4583 1348 4633 Vol.
1371 4581 1391 4634 t

95 4658 209 4728 numne,
228 4665 407 4732 admissaque
427 4665 546 4728 ratione,
568 4679 622 4730 qne
640 4679 703 4718 eon·
743 4680 814 4733 pay.
829 4669 863 4720 85
876 4673 901 4718 ct
914 4681 968 4734 aeq.
984 4674 1008 4718 et
1016 4683 1085 4736 paq.
1103 4673 1154 4722 124
1173 4669 1284 4722 itidem.

153 4767 216 4818 auc
232 4769 308 4822 Tem.
326 4769 400 4834 VII,
410 4768 486 4834 face.
501 4765 647 4820 LXXIII.
1262 4772 1279 4824 8
