833 1240
112 62 133 81 54
395 67 488 81 uirnnmxn.

113 94 161 119 gorii
175 93 226 117 XVI,
242 91 274 119 qui
288 93 393 117 docuerunt,
409 93 526 113 matrimonia
534 93 592 113 mixta
600 91 713 113 clandestine
727 99 771 114 con-

112 125 179 146 tracta,
195 123 279 149 quamvis
293 123 363 146 illicita,
378 129 418 142 esse
431 126 493 142 tamen
507 122 574 142 valida.

153 152 251 178 Coniuges,
263 153 359 178 praeterea
368 152 494 175 contendebat,
503 151 552 171 aliud
561 152 671 172 domicilium
681 153 701 172 in
711 159 772 178 paroe-

113 182 143 201 cia
159 188 175 200 s.
191 181 262 201 Nieolai
283 181 375 205 habuisse,
390 181 438 207 quod
457 180 548 200 Caietano
554 187 577 200 eo
590 181 695 207 frequenter
703 188 723 201 se
729 188 772 201 con-

114 210 170 229 ferret
183 210 245 229 animo
254 210 359 235 acquirendi
373 210 419 229 inibi
432 210 551 235 domicilium
566 210 616 229 hunc
629 210 711 230 animum
725 211 771 230 satis

245 245 271 264 [ue
285 239 376 264 praesumi
385 240 424 258 tum
437 245 460 258 ex
474 239 522 258 facto
535 240 619 265 receptae
639 239 727 265 nuptialis
741 240 773 259 be-

245 268 258 287 ,b
272 267 304 287 illo
318 267 408 291 Parocho‚
424 269 464 287 tum
478 274 500 287 ex
514 268 619 287 testimonio
636 268 716 287 eiusdem
730 269 772 287 Pa—

257 296 304 316 libro
319 296 476 316 matrimoniorum
483 297 571 322 scriptum
584 296 691 322 reliquerat,
701 298 773 316 utrum-

245 331 260 344 m
273 325 385 344 domicilium
398 325 418 345 in
431 332 465 345 sua
478 326 564 351 paroecia
577 325 651 345 habere.

245 354 291 373 haec
297 355 406 379 argmenta
414 354 461 374 forte
468 355 627 380 posthaberentur,
636 355 724 381 pergebat
733 362 774 374 ma-

245 389 299 406 insor,
315 383 397 409 potuisse
411 384 484 403 demum
498 384 611 403 Fridericum
624 385 643 403 et
665 384 773 404 Caietanam

245 418 253 431 u
267 412 314 431 inire
327 418 388 432 coram
401 413 466 438 quovis
475 413 566 437 Pamcho,
582 419 625 432 cum
638 413 743 432 Fridericus
751 414 774 432 ab

245 447 304 467 grans,
315 441 350 460 hac
359 441 401 461 illac
409 441 555 461 circumcursans
569 442 588 461 et
601 448 690 468 vagorum
700 442 775 461 vivendi

245 476 279 495 quo
292 470 380 494 retinens,
396 470 461 490 nullibi
474 471 586 490 domicilium
599 471 629 490 vel
649 471 702 496 quasi
715 471 774 490 domi-

245 499 285 518 erit.

245 533 273 547 rso
286 528 384 554 coniugum
397 528 465 548 Orator
478 528 541 554 paucis
559 528 639 548 deductis
652 528 775 548 conclamavit

245 556 345 576 iatrimonii
359 557 422 582 patere
437 557 475 576 sive
489 564 513 577 ex
521 557 638 577 substantiali
645 557 718 576 defectu·
731 563 775 576 oon-

245 586 283 605 arte
297 585 396 605 Gammae
409 586 485 605 siveex
498 586 545 606 vitio
552 586 709 609 clandestinitatis,
732 592 775 605 cum

247 615 304 634 fuerit
317 621 378 635 coram
392 615 466 641 proprio
479 615 570 635 Parocho.

246 644 298 667 udex,
314 644 337 664 ad
352 644 463 663 sententiam
476 644 511 664 hac
530 645 551 664 in
569 650 625 664 causa
645 644 774 670 proferendam

245 673 325 699 erpensis
338 673 430 699 utrimque
443 674 546 693 rationibus
560 674 599 693 sive
605 673 673 699 scripto
683 673 721 692 sive
730 679 776 692 voco

245 708 287 721 num
300 702 330 721 die
343 701 370 721 20
383 702 463 721 Ianuarii
479 702 529 721 1870
543 703 591 722 hauc
604 702 718 722 definitivam
731 708 775 721 sen-

245 730 291 750 tulit:
307 738 316 749 ‹
339 730 429 750 Constare
449 731 471 751 de
491 731 576 751 nullitate
593 731 708 751 matrimonii
725 731 775 756 quod

245 760 284 779 ,N.
300 760 324 780 N.
339 761 358 779 et
371 760 461 780 Caietana
483 761 507 780 N.
528 761 552 780 N.
568 760 596 780 die
616 760 640 779 18
660 759 702 779 Iulii
725 759 777 778 1863

245 788 302 808 rocho
316 789 340 808 N.
356 790 380 809 N.
396 796 412 808 s.
427 789 498 809 Nicolai
512 790 621 809 contrahere
634 794 776 815 praesumpsere

245 824 250 837 ι
263 818 393 837 iurisdictionis
406 818 426 837 in
440 818 524 838 Pas-ocho
537 818 640 838 assistente.
658 825 667 836 ›

247 847 338 866 sententia
351 847 464 867 matrimonii
478 847 562 866 defensor
576 847 629 866 iuxta
643 846 727 866 tramites
741 846 775 865 cit.

246 877 371 895 miseratione
384 876 403 901 ἓ.
419 876 431 895 8
445 876 480 895 rite
494 875 594 901 appellavit
603 876 626 895 ad
639 876 659 895 S.
671 875 735 895 Sedem
743 881 776 894 seu

258 905 314 930 atque
327 904 402 928 institit,
413 906 435 924 ut
442 904 540 928 sententia,
551 904 676 923 conclusiones
683 905 703 923 et
715 904 777 923 cetera

249 933 424 957 transmitterentur,
440 933 539 959 coniugum
552 934 672 959 procuratore
681 932 775 952 intimato.

245 960 278 979 ssis
296 960 358 986 itaque
371 956 450 980 Romam
470 967 503 986 per
523 960 651 979 authenticum
671 959 777 985 exemplum

245 996 248 1008 ι
262 989 378 1008 iudicialibus
391 989 411 1008 in
425 995 447 1008 ea
468 988 626 1014 Archiepiscopali
639 988 697 1008 Curia
717 988 776 1007 confe-

245 1024 263 1037 ss
276 1018 367 1044 generalis
381 1018 403 1037 ad
416 1018 483 1038 Ei'iinm
497 1018 615 1037 Praefectum
628 1018 648 1038 S.
657 1018 678 1037 C.
694 1017 717 1037 G.
733 1017 776 1036 scri-

245 1047 305 1073 ii-qua
319 1047 342 1066 ad
356 1046 434 1066 formam
442 1044 554 1066 'eorumdem
567 1047 650 1066 actorum
663 1046 777 1072 pertinentia

253 1082 291 1095 non
306 1075 381 1100 fuerint,
398 1076 544 1095 circumstantiis
554 1075 664 1102 specialibus
677 1075 697 1095 in
710 1075 779 1101 quibus

259 1104 328 1124 iniuria
341 1104 387 1124 haec
400 1104 457 1124 Curia
470 1105 561 1128 versatur,
573 1111 584 1124 a
592 1104 704 1124 Beatissimo
720 1105 777 1124 Patre

254 1133 435 1153 circumstantiarum
453 1134 522 1153 iutuitu
536 1134 635 1160 benignam
652 1134 726 1154 veniam
744 1132 778 1153 'uu-

245 1164 321 1189 ‚gnetun
339 1170 349 1182 »
