3238 4940
102 363 105 377 ,
218 279 278 360 itt
809 299 954 386 rosarius.

219 440 237 482 a
259 429 360 484 casu:
387 427 639 507 »responsum
659 402 805 505 prodiit:
819 413 1001 478 »seruetur
1020 398 1251 481 consuetudo
1279 405 1407 509 quood
1432 435 1528 486 osso·

215 527 495 608 cr'ottonem;'r'rc
515 523 675 626 retc'pco‘s
693 531 861 622 spectare
885 518 1144 619 Confessorto
1167 521 1333 600 Instante
1352 527 1528 602 defensore
1607 519 1608 563 3

215 637 427 716 monasterii
455 642 492 712 et
518 635 747 738 reproposita
774 659 885 710 causa
913 635 979 709 sub
1006 634 1130 710 dubio:
1163 665 1181 708 u
1214 663 1262 714 an
1291 641 1340 716 sit
1366 641 1528 717 standum

220 785 238 827 s
260 753 317 830 vel
338 752 576 829 recedendum
596 777 618 826 a
635 750 764 825 decisis
784 750 822 824 in
842 749 1022 826 casutsS.
1042 750 1085 828 O.
1100 753 1300 851 respondit:
1323 761 1365 828 in
1384 757 1526 834 decisis.

210 875 375 974 prototo
404 877 531 940 tomen
558 875 735 940 consueto
763 870 987 939 incitatione
1014 865 1140 966 quood
1172 874 1476 955 associationem,
1502 881 1530 944 et

217 985 400 1086 amplios.
435 982 487 1056 At
512 1003 600 1056 vero
626 979 787 1080 Capituli
815 979 1132 1086 Archipresbyter,
1166 981 1447 1060 declarationem
1475 1009 1531 1086 po-

218 1099 361 1174 stulans
387 1097 493 1173 datae
522 1093 786 1194 Resolutionis,
819 1095 1060 1172 contendebat
1084 1094 1122 1170 iu
1150 1097 1304 1197 supplici
1332 1099 1465 1194 libello,
1499 1127 1532 1174 se

217 1215 275 1289 ius
303 1213 438 1289 habere
466 1233 541 1286 nou
568 1208 685 1284 solum
713 1210 757 1284 ad
787 1210 1080 1301 associationem,
1105 1210 1168 1286 sed
1197 1223 1386 1313 quotenus
1415 1215 1532 1290 Porc—
1598 1274 1603 1302 ,

218 1331 311 1403 elices
339 1327 395 1402 ius
433 1350 577 1427 quoque
619 1327 752 1400 habere
780 1328 824 1402 ad
861 1325 1020 1401 eiusdem
1057 1325 1196 1400 funeris
1237 1328 1528 1404 celebrationem:

219 1442 409 1543 inquiebat
436 1441 553 1531 enim,
578 1439 609 1513 si
638 1463 686 1514 ex
713 1441 974 1516 consuetudine
994 1439 1154 1516 admissa
1180 1441 1295 1518 suerit
1322 1445 1530 1520 cadaverum
1603 1479 1604 1483 ¹

219 1554 426 1646 associatio,
450 1555 601 1630 eandem
621 1553 808 1638 funebrem
833 1555 1111 1632 associationem
1129 1558 1399 1634 consideratam
1425 1561 1533 1660 quoad

219 1669 429 1748 Parochum
458 1668 825 1768 archipresbpterum
853 1669 1046 1744 formalem
1074 1695 1153 1746 esse
1182 1671 1472 1774 intelligendam:
1498 1700 1534 1749 ec
1607 1711 1608 1734 1

220 1786 350 1886 inagis,
375 1784 468 1884 quod
487 1783 741 1862 Confessarius
762 1785 977 1862 monialium
1005 1785 1145 1863 nullum
1164 1787 1223 1864 ius
1242 1788 1395 1866 haberet
1421 1789 1530 1866 iniis.
1607 1807 1608 1856 r

220 1925 315 2000 quae
344 1904 451 1974 extra
478 1898 667 1974 ecclesiam
696 1902 733 1972 et
760 1901 1023 1976 mouastcriurn
1051 1907 1264 2004 agerentur.
1296 1904 1431 1981 Relato
1456 1931 1535 2006 ergo
1607 1903 1608 1906 ’

221 2016 289 2090 boc
317 2013 473 2115 supplici
500 2013 621 2089 libello
649 2015 687 2088 in
716 2015 753 2090 S.
778 2017 821 2094 Ο.
854 2013 899 2089 17
929 2017 1146 2117 septembris
1178 2017 1296 2113 1858,
1330 2045 1535 2121 responsum

221 2130 369 2233 prodiit:
405 2130 532 2232 quoad
550 2141 758 2231 proeteoso
779 2137 876 2210 ‚z'oro
916 2117 1250 2236 Arolu'presbytere'
1275 2141 1336 2210 uti
1355 2137 1534 2221 Poroclu',

222 2253 412 2350 tropolioe.

302 2361 353 2438 Et
380 2361 425 2436 ad
452 2359 732 2438 associationem
760 2363 977 2442 cadaverum
1018 2363 1233 2442 monialium
1261 2393 1284 2442 a
1310 2367 1535 2448 Confessario

226 2477 430 2554 sarciendam
457 2501 572 2577 usque
599 2479 644 2554 ad
670 2477 788 2554 locum
818 2478 1029 2580 sepulturae
1058 2486 1166 2557 extra
1192 2484 1456 2560 monasterium
1483 2485 1538 2559 ad·

177 2629 178 2632 ¹
224 2597 352 2670 ductae
380 2598 467 2670 sunt
500 2618 566 2696 per
606 2596 797 2669 extensum
835 2594 1072 2672 auctoritates
1118 2597 1325 2694 Samuelis,
1364 2600 1427 2700 qui
1467 2601 1532 2674 loc.

225 2717 288 2785 cit.
312 2720 478 2784 controv.
504 2709 561 2782 16
581 2711 746 2783 conclus.
771 2709 797 2784 9
826 2709 989 2813 scripsit:
1014 2740 1032 2783 ‹
1057 2711 1233 2790 Monialis
1260 2714 1292 2789 si
1319 2739 1367 2790 ex
1394 2713 1531 2815 speciali

230 2824 392 2928 »gratia
408 2824 531 2926 papali
559 2824 628 2899 sibi
647 2823 873 2924 sepulturam
901 2831 1007 2902 extra
1025 2826 1288 2904 monasterium
1315 2828 1440 2930 eligat,
1464 2828 1535 2904 eius

230 2939 522 3022 »Confossarius
549 2942 655 3016 debet
681 2965 812 3042 corpus
839 2941 919 3016 eius
960 2943 1141 3017 associare
1169 2967 1284 3043 usque
1312 2944 1356 3019 ad
1386 2943 1537 3045 sepultu-

232 3082 352 3133 »ram
382 3061 417 3132 et
457 3055 547 3133 illud
575 3057 734 3134 humare
754 3061 792 3132 et
824 3057 984 3134 officium
1025 3082 1203 3159 peragere
1229 3083 1338 3159 super
1373 3058 1473 3135 illud.
1503 3058 1534 3133 Si

231 3205 248 3248 a
271 3199 358 3250 vero
387 3177 494 3248 extra
512 3171 591 3249 loca
607 3172 792 3275 regularia
810 3172 867 3248 sui
896 3173 1032 3248 ordinis
1051 3173 1281 3276 sepeliretur,
1311 3179 1377 3251 aut
1394 3175 1434 3250 in
1459 3174 1537 3249 locis

232 3319 249 3361 »
273 3288 369 3370 aliis,
393 3288 453 3362 irbi
473 3287 530 3363 ius
557 3287 750 3363 funerandi
770 3289 916 3380 habeut,
940 3293 1028 3363 tuuc
1055 3287 1098 3363 ad
1126 3287 1259 3363 horum
1278 3286 1440 3364 locorum
1466 3312 1536 3389 per·

231 3435 248 3477 a
271 3429 378 3480 sonas
406 3404 587 3504 spectabit
614 3428 723 3505 agere
751 3404 872 3480 officia
900 3406 938 3478 et
973 3402 1199 3504 sepulturam
1227 3402 1314 3478 dare
1349 3401 1418 3478 illi.
1449 3405 1536 3480 Nam

231 3520 310 3596 »in
337 3517 544 3595 huiusmodi
572 3543 658 3595 casu
686 3518 900 3594 monialium
929 3517 1185 3595 Confessarius
1227 3516 1285 3593 ius
1313 3517 1410 3594 haud
1437 3517 1536 3594 aaut·

230 3666 248 3710 s
270 3634 319 3712 tit
345 3659 476 3736 corpus
503 3635 709 3711 associandi
750 3659 863 3736 usque
890 3635 936 3710 ad
963 3632 1203 3734 sepulturam:
1234 3637 1272 3707 et
1299 3635 1331 3709 si
1352 3632 1537 3734 sepeliatur

231 3751 310 3826 »in
337 3748 417 3825 loco
446 3748 508 3824 ubi
535 3773 611 3826 non
638 3751 739 3826 adest
766 3751 824 3826 ius
844 3747 1036 3826 funerandi
1063 3771 1177 3849 penes
1196 3747 1298 3824 illum
1326 3747 1538 3824 ecclesiasti-

233 3896 250 3939 »
273 3891 370 3960 cum,
393 3865 439 3943 ad
457 3864 731 3944 Confessarium
751 3865 929 3967 spectabit
947 3862 1057 3939 funus
1076 3887 1251 3964 peragere
1271 3865 1391 3963 quoad
1408 3864 1535 3948 omnia:

231 4007 377 4059 »secus
405 4006 494 4058 non:
516 3983 578 4058 sed
605 3982 650 4058 ad
678 3981 796 4058 instar
822 4007 861 4056 se
889 3981 995 4056 debet
1035 3980 1169 4055 habere
1202 3983 1407 4058 ceterorum
1434 3981 1536 4055 Paro-

232 4098 438 4190 »chorum
463 4097 526 4199 qui
554 4097 664 4173 sunus
692 4097 877 4173 associant
903 4099 940 4170 et
967 4095 1006 4170 in
1047 4092 1209 4169 ecclesiis
1236 4093 1463 4196 regularibus
1490 4093 1535 4166 ui-

233 4211 329 4287 »hil
356 4217 484 4314 agunt,
508 4214 569 4289 sed
598 4214 642 4289 ad
670 4212 765 4312 ipsos
794 4210 1001 4313 Regulares
1028 4208 1187 4311 pertinet
1220 4212 1343 4285 cetera
1369 4207 1537 4284 funeralis

233 4352 473 4428 »perageret
504 4353 589 4404 nam
616 4325 870 4404 Confessarius
911 4328 969 4399 est
1003 4325 1172 4426 proprius
1213 4325 1402 4400 Paroclrus
1436 4323 1536 4400 huius

232 4442 440 4518 »monialis
467 4443 669 4536 defunctae,
700 4447 738 4516 et
765 4441 916 4542 proinde
946 4442 989 4516 ad
1031 4463 1115 4514 euin
1143 4443 1285 4544 spectat
1320 4433 1534 4544 parochialia

234 4581 427 4640 ›irruuera
455 4581 562 4662 super
590 4581 670 4633 eam
697 4580 928 4660 peragere.»
