<?xml version="1.0" encoding="UTF-8"?>
<!DOCTYPE html PUBLIC "-//W3C//DTD XHTML 1.0 Transitional//EN"
    "http://www.w3.org/TR/xhtml1/DTD/xhtml1-transitional.dtd">
<html xmlns="http://www.w3.org/1999/xhtml" xml:lang="en" lang="en">
 <head>
  <title>
</title>
<meta http-equiv="Content-Type" content="text/html;charset=utf-8" />
  <meta name='ocr-system' content='tesseract 3.04.00' />
  <meta name='ocr-capabilities' content='ocr_page ocr_carea ocr_par ocr_line ocrx_word'/>
</head>
<body>
  <div class='ocr_page' id='page_1' title='image "actasanctaesedi04popegoog_0070.png"; bbox 0 0 3338 4962; ppageno 0'>
   <div class='ocr_carea' id='block_1_1' title="bbox 621 339 1373 417">
    <p class='ocr_par' dir='ltr' id='par_1_1' title="bbox 621 339 1373 417">
     <span class='ocr_line' id='line_1_1' title="bbox 621 339 1373 417; baseline -0.001 -3"><span class='ocrx_word' id='word_1_1' title='bbox 621 364 810 417; x_wconf 77' lang='lat' dir='ltr'>nirnrnonn.</span> <span class='ocrx_word' id='word_1_2' title='bbox 1332 339 1373 414; x_wconf 80' lang='lat' dir='ltr'>bb</span> 
     </span>
    </p>
   </div>
   <div class='ocr_carea' id='block_1_2' title="bbox 81 468 1451 3704">
    <p class='ocr_par' dir='ltr' id='par_1_2' title="bbox 83 468 1378 1155">
     <span class='ocr_line' id='line_1_2' title="bbox 84 468 1375 578; baseline -0.004 -28"><span class='ocrx_word' id='word_1_3' title='bbox 84 471 223 578; x_wconf 57' lang='lat' dir='ltr'>tionibus</span> <span class='ocrx_word' id='word_1_4' title='bbox 248 471 323 550; x_wconf 87' lang='lat' dir='ltr'>illis</span> <span class='ocrx_word' id='word_1_5' title='bbox 350 471 546 550; x_wconf 81' lang='lat' dir='ltr'>foederatis</span> <span class='ocrx_word' id='word_1_6' title='bbox 584 473 814 550; x_wconf 90' lang='lat' dir='ltr'>matrimonia</span> <span class='ocrx_word' id='word_1_7' title='bbox 849 471 970 550; x_wconf 87' lang='lat' dir='ltr'>valida</span> <span class='ocrx_word' id='word_1_8' title='bbox 1004 473 1065 550; x_wconf 92' lang='lat' dir='ltr'>sed</span> <span class='ocrx_word' id='word_1_9' title='bbox 1102 468 1213 548; x_wconf 91' lang='lat' dir='ltr'>etiam</span> <span class='ocrx_word' id='word_1_10' title='bbox 1239 478 1375 548; x_wconf 78' lang='lat' dir='ltr'>statuit</span> 
     </span>
     <span class='ocr_line' id='line_1_3' title="bbox 83 585 1374 693; baseline -0.003 -28"><span class='ocrx_word' id='word_1_11' title='bbox 83 617 132 693; x_wconf 87' lang='lat' dir='ltr'>pro</span> <span class='ocrx_word' id='word_1_12' title='bbox 152 589 217 666; x_wconf 89' lang='lat' dir='ltr'>illis</span> <span class='ocrx_word' id='word_1_13' title='bbox 243 589 346 682; x_wconf 89' lang='lat' dir='ltr'>locis,</span> <span class='ocrx_word' id='word_1_14' title='bbox 365 589 419 664; x_wconf 89' lang='lat' dir='ltr'>ita</span> <span class='ocrx_word' id='word_1_15' title='bbox 446 593 488 665; x_wconf 94' lang='lat' dir='ltr'>ut</span> <span class='ocrx_word' id='word_1_16' title='bbox 514 588 577 665; x_wconf 93' lang='lat' dir='ltr'>illa</span> <span class='ocrx_word' id='word_1_17' title='bbox 603 586 716 666; x_wconf 89' lang='lat' dir='ltr'>fuerit</span> <span class='ocrx_word' id='word_1_18' title='bbox 752 613 824 664; x_wconf 93' lang='lat' dir='ltr'>non</span> <span class='ocrx_word' id='word_1_19' title='bbox 862 587 979 664; x_wconf 91' lang='lat' dir='ltr'>solum</span> <span class='ocrx_word' id='word_1_20' title='bbox 1020 587 1235 665; x_wconf 86' lang='lat' dir='ltr'>anthentica</span> <span class='ocrx_word' id='word_1_21' title='bbox 1262 585 1374 663; x_wconf 90' lang='lat' dir='ltr'>decla-</span> 
     </span>
     <span class='ocr_line' id='line_1_4' title="bbox 83 699 1375 805; baseline -0.002 -24"><span class='ocrx_word' id='word_1_22' title='bbox 83 706 155 786; x_wconf 85' lang='lat' dir='ltr'>ratio</span> <span class='ocrx_word' id='word_1_23' title='bbox 177 730 221 782; x_wconf 86' lang='lat' dir='ltr'>ex</span> <span class='ocrx_word' id='word_1_24' title='bbox 246 701 464 796; x_wconf 88' lang='lat' dir='ltr'>rationibus,</span> <span class='ocrx_word' id='word_1_25' title='bbox 502 729 595 805; x_wconf 88' lang='lat' dir='ltr'>quae</span> <span class='ocrx_word' id='word_1_26' title='bbox 621 727 704 780; x_wconf 87' lang='lat' dir='ltr'>eam</span> <span class='ocrx_word' id='word_1_27' title='bbox 729 705 836 779; x_wconf 85' lang='lat' dir='ltr'>iuxta</span> <span class='ocrx_word' id='word_1_28' title='bbox 862 728 913 778; x_wconf 81' lang='lat' dir='ltr'>se.</span> <span class='ocrx_word' id='word_1_29' title='bbox 935 701 1102 779; x_wconf 82' lang='lat' dir='ltr'>Canones</span> <span class='ocrx_word' id='word_1_30' title='bbox 1128 699 1280 778; x_wconf 87' lang='lat' dir='ltr'>iuridice</span> <span class='ocrx_word' id='word_1_31' title='bbox 1307 726 1375 804; x_wconf 91' lang='lat' dir='ltr'>po-</span> 
     </span>
     <span class='ocr_line' id='line_1_5' title="bbox 84 818 1377 924; baseline -0.002 -26"><span class='ocrx_word' id='word_1_32' title='bbox 84 823 222 916; x_wconf 86' lang='lat' dir='ltr'>stularet,</span> <span class='ocrx_word' id='word_1_33' title='bbox 243 823 308 900; x_wconf 88' lang='lat' dir='ltr'>sed</span> <span class='ocrx_word' id='word_1_34' title='bbox 333 821 446 897; x_wconf 93' lang='lat' dir='ltr'>etiam</span> <span class='ocrx_word' id='word_1_35' title='bbox 472 821 686 898; x_wconf 86' lang='lat' dir='ltr'>constitutio</span> <span class='ocrx_word' id='word_1_36' title='bbox 714 819 884 924; x_wconf 74' lang='lat' dir='ltr'>(statuit)</span> <span class='ocrx_word' id='word_1_37' title='bbox 911 845 977 921; x_wconf 92' lang='lat' dir='ltr'>pro</span> <span class='ocrx_word' id='word_1_38' title='bbox 1004 818 1083 895; x_wconf 89' lang='lat' dir='ltr'>illis</span> <span class='ocrx_word' id='word_1_39' title='bbox 1105 819 1304 922; x_wconf 85' lang='lat' dir='ltr'>provinciis</span> <span class='ocrx_word' id='word_1_40' title='bbox 1332 819 1377 896; x_wconf 90' lang='lat' dir='ltr'>ad</span> 
     </span>
     <span class='ocr_line' id='line_1_6' title="bbox 83 934 1378 1038; baseline 0 -26"><span class='ocrx_word' id='word_1_41' title='bbox 83 939 202 1014; x_wconf 91' lang='lat' dir='ltr'>dubium</span> <span class='ocrx_word' id='word_1_42' title='bbox 229 935 382 1038; x_wconf 88' lang='lat' dir='ltr'>quodvis</span> <span class='ocrx_word' id='word_1_43' title='bbox 410 935 663 1027; x_wconf 88' lang='lat' dir='ltr'>auferendum,</span> <span class='ocrx_word' id='word_1_44' title='bbox 684 935 716 1010; x_wconf 88' lang='lat' dir='ltr'>si</span> <span class='ocrx_word' id='word_1_45' title='bbox 743 935 837 1011; x_wconf 81' lang='lat' dir='ltr'>forte</span> <span class='ocrx_word' id='word_1_46' title='bbox 864 958 938 1011; x_wconf 93' lang='lat' dir='ltr'>non</span> <span class='ocrx_word' id='word_1_47' title='bbox 965 934 1004 1010; x_wconf 92' lang='lat' dir='ltr'>in</span> <span class='ocrx_word' id='word_1_48' title='bbox 1041 934 1171 1037; x_wconf 88' lang='lat' dir='ltr'>quavis</span> <span class='ocrx_word' id='word_1_49' title='bbox 1207 935 1378 1037; x_wconf 81' lang='lat' dir='ltr'>paroecia</span> 
     </span>
     <span class='ocr_line' id='line_1_7' title="bbox 84 1049 1022 1155; baseline -0.002 -27"><span class='ocrx_word' id='word_1_50' title='bbox 84 1071 182 1130; x_wconf 82' lang='lat' dir='ltr'>aarum</span> <span class='ocrx_word' id='word_1_51' title='bbox 207 1049 402 1155; x_wconf 82' lang='lat' dir='ltr'>regionum</span> <span class='ocrx_word' id='word_1_52' title='bbox 428 1050 524 1127; x_wconf 89' lang='lat' dir='ltr'>ratio</span> <span class='ocrx_word' id='word_1_53' title='bbox 552 1050 807 1128; x_wconf 75' lang='lat' dir='ltr'>declarationis</span> <span class='ocrx_word' id='word_1_54' title='bbox 834 1049 1022 1127; x_wconf 75' lang='lat' dir='ltr'>militaret.</span> 
     </span>
    </p>

    <p class='ocr_par' dir='ltr' id='par_1_3' title="bbox 84 1164 1379 1728">
     <span class='ocr_line' id='line_1_8' title="bbox 143 1164 1377 1270; baseline 0 -26"><span class='ocrx_word' id='word_1_55' title='bbox 143 1170 257 1270; x_wconf 81' lang='lat' dir='ltr'>Atque</span> <span class='ocrx_word' id='word_1_56' title='bbox 284 1167 340 1244; x_wconf 91' lang='lat' dir='ltr'>uti</span> <span class='ocrx_word' id='word_1_57' title='bbox 367 1164 565 1243; x_wconf 81' lang='lat' dir='ltr'>declaratio</span> <span class='ocrx_word' id='word_1_58' title='bbox 605 1169 642 1243; x_wconf 86' lang='lat' dir='ltr'>et</span> <span class='ocrx_word' id='word_1_59' title='bbox 678 1166 889 1243; x_wconf 89' lang='lat' dir='ltr'>constitutio</span> <span class='ocrx_word' id='word_1_60' title='bbox 925 1165 1157 1269; x_wconf 87' lang='lat' dir='ltr'>particularis</span> <span class='ocrx_word' id='word_1_61' title='bbox 1184 1164 1257 1242; x_wconf 87' lang='lat' dir='ltr'>fuit</span> <span class='ocrx_word' id='word_1_62' title='bbox 1284 1193 1377 1244; x_wconf 90' lang='lat' dir='ltr'>sem-</span> 
     </span>
     <span class='ocr_line' id='line_1_9' title="bbox 85 1281 1378 1384; baseline 0.001 -26"><span class='ocrx_word' id='word_1_63' title='bbox 85 1309 133 1383; x_wconf 88' lang='lat' dir='ltr'>per</span> <span class='ocrx_word' id='word_1_64' title='bbox 155 1283 378 1359; x_wconf 88' lang='lat' dir='ltr'>considerata</span> <span class='ocrx_word' id='word_1_65' title='bbox 405 1307 428 1357; x_wconf 92' lang='lat' dir='ltr'>a</span> <span class='ocrx_word' id='word_1_66' title='bbox 454 1282 494 1360; x_wconf 89' lang='lat' dir='ltr'>S.</span> <span class='ocrx_word' id='word_1_67' title='bbox 516 1282 606 1358; x_wconf 81' lang='lat' dir='ltr'>Sede</span> <span class='ocrx_word' id='word_1_68' title='bbox 632 1281 698 1358; x_wconf 90' lang='lat' dir='ltr'>illa</span> <span class='ocrx_word' id='word_1_69' title='bbox 724 1282 940 1374; x_wconf 88' lang='lat' dir='ltr'>Decretahs‚</span> <span class='ocrx_word' id='word_1_70' title='bbox 972 1281 1025 1358; x_wconf 90' lang='lat' dir='ltr'>ita</span> <span class='ocrx_word' id='word_1_71' title='bbox 1051 1289 1092 1357; x_wconf 92' lang='lat' dir='ltr'>ut</span> <span class='ocrx_word' id='word_1_72' title='bbox 1128 1307 1174 1359; x_wconf 80' lang='lat' dir='ltr'>ex</span> <span class='ocrx_word' id='word_1_73' title='bbox 1201 1283 1378 1384; x_wconf 85' lang='lat' dir='ltr'>peculiari</span> 
     </span>
     <span class='ocr_line' id='line_1_10' title="bbox 84 1395 1379 1499; baseline 0.001 -25"><span class='ocrx_word' id='word_1_74' title='bbox 84 1399 199 1474; x_wconf 86' lang='lat' dir='ltr'>lndulto</span> <span class='ocrx_word' id='word_1_75' title='bbox 225 1399 271 1474; x_wconf 87' lang='lat' dir='ltr'>ad</span> <span class='ocrx_word' id='word_1_76' title='bbox 298 1395 391 1472; x_wconf 86' lang='lat' dir='ltr'>alias</span> <span class='ocrx_word' id='word_1_77' title='bbox 418 1395 587 1498; x_wconf 86' lang='lat' dir='ltr'>regiones</span> <span class='ocrx_word' id='word_1_78' title='bbox 614 1395 729 1474; x_wconf 88' lang='lat' dir='ltr'>fuerit</span> <span class='ocrx_word' id='word_1_79' title='bbox 756 1397 906 1498; x_wconf 87' lang='lat' dir='ltr'>provide</span> <span class='ocrx_word' id='word_1_80' title='bbox 933 1401 1096 1490; x_wconf 83' lang='lat' dir='ltr'>extensa,</span> <span class='ocrx_word' id='word_1_81' title='bbox 1128 1398 1272 1499; x_wconf 89' lang='lat' dir='ltr'>quoties</span> <span class='ocrx_word' id='word_1_82' title='bbox 1291 1423 1379 1475; x_wconf 90' lang='lat' dir='ltr'>con-</span> 
     </span>
     <span class='ocr_line' id='line_1_11' title="bbox 85 1511 1379 1615; baseline 0.003 -29"><span class='ocrx_word' id='word_1_83' title='bbox 85 1519 186 1604; x_wconf 83' lang='lat' dir='ltr'>staret,</span> <span class='ocrx_word' id='word_1_84' title='bbox 209 1511 349 1589; x_wconf 89' lang='lat' dir='ltr'>similes</span> <span class='ocrx_word' id='word_1_85' title='bbox 377 1512 503 1590; x_wconf 86' lang='lat' dir='ltr'>adesse</span> <span class='ocrx_word' id='word_1_86' title='bbox 531 1535 675 1607; x_wconf 87' lang='lat' dir='ltr'>causas,</span> <span class='ocrx_word' id='word_1_87' title='bbox 697 1537 791 1613; x_wconf 90' lang='lat' dir='ltr'>quae</span> <span class='ocrx_word' id='word_1_88' title='bbox 808 1513 1040 1590; x_wconf 89' lang='lat' dir='ltr'>Decretalem</span> <span class='ocrx_word' id='word_1_89' title='bbox 1058 1512 1160 1590; x_wconf 89' lang='lat' dir='ltr'>illam</span> <span class='ocrx_word' id='word_1_90' title='bbox 1187 1513 1379 1615; x_wconf 89' lang='lat' dir='ltr'>sapientis·</span> 
     </span>
     <span class='ocr_line' id='line_1_12' title="bbox 84 1627 476 1728; baseline 0.01 -27"><span class='ocrx_word' id='word_1_91' title='bbox 84 1627 191 1702; x_wconf 86' lang='lat' dir='ltr'>simam</span> <span class='ocrx_word' id='word_1_92' title='bbox 217 1651 421 1728; x_wconf 87' lang='lat' dir='ltr'>provocaru</span> <span class='ocrx_word' id='word_1_93' title='bbox 447 1631 476 1704; x_wconf 90' lang='lat' dir='ltr'>t.</span> 
     </span>
    </p>

    <p class='ocr_par' dir='ltr' id='par_1_4' title="bbox 81 1745 1381 2424">
     <span class='ocr_line' id='line_1_13' title="bbox 143 1745 1379 1847; baseline 0 -27"><span class='ocrx_word' id='word_1_94' title='bbox 143 1745 203 1821; x_wconf 91' lang='lat' dir='ltr'>His</span> <span class='ocrx_word' id='word_1_95' title='bbox 230 1745 356 1820; x_wconf 87' lang='lat' dir='ltr'>autem</span> <span class='ocrx_word' id='word_1_96' title='bbox 383 1745 522 1846; x_wconf 86' lang='lat' dir='ltr'>positis,</span> <span class='ocrx_word' id='word_1_97' title='bbox 547 1769 618 1846; x_wconf 93' lang='lat' dir='ltr'>quo</span> <span class='ocrx_word' id='word_1_98' title='bbox 645 1745 790 1822; x_wconf 88' lang='lat' dir='ltr'>tandem</span> <span class='ocrx_word' id='word_1_99' title='bbox 827 1747 980 1823; x_wconf 88' lang='lat' dir='ltr'>redeunt</span> <span class='ocrx_word' id='word_1_100' title='bbox 1015 1745 1263 1847; x_wconf 79' lang='lat' dir='ltr'>exemptiones</span> <span class='ocrx_word' id='word_1_101' title='bbox 1289 1746 1379 1821; x_wconf 86' lang='lat' dir='ltr'>hae-</span> 
     </span>
     <span class='ocr_line' id='line_1_14' title="bbox 84 1858 1380 1964; baseline 0.004 -33"><span class='ocrx_word' id='word_1_102' title='bbox 84 1858 253 1936; x_wconf 84' lang='lat' dir='ltr'>reticorum</span> <span class='ocrx_word' id='word_1_103' title='bbox 272 1884 296 1934; x_wconf 89' lang='lat' dir='ltr'>a</span> <span class='ocrx_word' id='word_1_104' title='bbox 313 1859 527 1935; x_wconf 86' lang='lat' dir='ltr'>Tridentino</span> <span class='ocrx_word' id='word_1_105' title='bbox 545 1859 700 1938; x_wconf 87' lang='lat' dir='ltr'>Decreto</span> <span class='ocrx_word' id='word_1_106' title='bbox 719 1885 767 1938; x_wconf 88' lang='lat' dir='ltr'>ex</span> <span class='ocrx_word' id='word_1_107' title='bbox 794 1863 946 1939; x_wconf 86' lang='lat' dir='ltr'>adverso</span> <span class='ocrx_word' id='word_1_108' title='bbox 972 1861 1187 1964; x_wconf 66' lang='lat' dir='ltr'>oppositae?</span> <span class='ocrx_word' id='word_1_109' title='bbox 1207 1862 1380 1938; x_wconf 79' lang='lat' dir='ltr'>Redeunt</span> 
     </span>
     <span class='ocr_line' id='line_1_15' title="bbox 84 1974 1377 2081; baseline 0.004 -33"><span class='ocrx_word' id='word_1_110' title='bbox 84 1975 111 2049; x_wconf 91' lang='lat' dir='ltr'>in</span> <span class='ocrx_word' id='word_1_111' title='bbox 137 2001 247 2052; x_wconf 87' lang='lat' dir='ltr'>meras</span> <span class='ocrx_word' id='word_1_112' title='bbox 274 1974 528 2053; x_wconf 88' lang='lat' dir='ltr'>cavillationes</span> <span class='ocrx_word' id='word_1_113' title='bbox 554 1977 690 2079; x_wconf 87' lang='lat' dir='ltr'>petitas</span> <span class='ocrx_word' id='word_1_114' title='bbox 717 2004 764 2054; x_wconf 89' lang='lat' dir='ltr'>ex</span> <span class='ocrx_word' id='word_1_115' title='bbox 790 1979 913 2081; x_wconf 88' lang='lat' dir='ltr'>aliqua</span> <span class='ocrx_word' id='word_1_116' title='bbox 939 1979 1082 2055; x_wconf 89' lang='lat' dir='ltr'>ratione</span> <span class='ocrx_word' id='word_1_117' title='bbox 1101 1979 1223 2055; x_wconf 87' lang='lat' dir='ltr'>minus</span> <span class='ocrx_word' id='word_1_118' title='bbox 1250 1980 1377 2055; x_wconf 83' lang='lat' dir='ltr'>exacte</span> 
     </span>
     <span class='ocr_line' id='line_1_16' title="bbox 82 2090 1380 2198; baseline 0.005 -35"><span class='ocrx_word' id='word_1_119' title='bbox 82 2091 222 2190; x_wconf 81' lang='lat' dir='ltr'>exposita</span> <span class='ocrx_word' id='word_1_120' title='bbox 248 2095 314 2168; x_wconf 89' lang='lat' dir='ltr'>aut</span> <span class='ocrx_word' id='word_1_121' title='bbox 341 2115 415 2167; x_wconf 90' lang='lat' dir='ltr'>non</span> <span class='ocrx_word' id='word_1_122' title='bbox 442 2093 512 2169; x_wconf 92' lang='lat' dir='ltr'>rite</span> <span class='ocrx_word' id='word_1_123' title='bbox 524 2090 727 2187; x_wconf 85' lang='lat' dir='ltr'>intellecta,</span> <span class='ocrx_word' id='word_1_124' title='bbox 750 2093 894 2196; x_wconf 87' lang='lat' dir='ltr'>prolata</span> <span class='ocrx_word' id='word_1_125' title='bbox 917 2097 962 2172; x_wconf 89' lang='lat' dir='ltr'>ab</span> <span class='ocrx_word' id='word_1_126' title='bbox 981 2093 1162 2198; x_wconf 87' lang='lat' dir='ltr'>aliquibus</span> <span class='ocrx_word' id='word_1_127' title='bbox 1189 2093 1380 2197; x_wconf 88' lang='lat' dir='ltr'>disputan·</span> 
     </span>
     <span class='ocr_line' id='line_1_17' title="bbox 82 2203 1381 2312; baseline 0.006 -35"><span class='ocrx_word' id='word_1_128' title='bbox 82 2206 159 2281; x_wconf 77' lang='lat' dir='ltr'>ribus</span> <span class='ocrx_word' id='word_1_129' title='bbox 184 2206 222 2282; x_wconf 92' lang='lat' dir='ltr'>in</span> <span class='ocrx_word' id='word_1_130' title='bbox 248 2206 514 2308; x_wconf 86' lang='lat' dir='ltr'>disceptatione</span> <span class='ocrx_word' id='word_1_131' title='bbox 540 2206 640 2284; x_wconf 87' lang='lat' dir='ltr'>illios</span> <span class='ocrx_word' id='word_1_132' title='bbox 667 2211 909 2312; x_wconf 85' lang='lat' dir='ltr'>gravissimae</span> <span class='ocrx_word' id='word_1_133' title='bbox 936 2236 1067 2289; x_wconf 87' lang='lat' dir='ltr'>causae</span> <span class='ocrx_word' id='word_1_134' title='bbox 1097 2235 1190 2312; x_wconf 87' lang='lat' dir='ltr'>quae</span> <span class='ocrx_word' id='word_1_135' title='bbox 1217 2203 1381 2288; x_wconf 85' lang='lat' dir='ltr'>foedera-</span> 
     </span>
     <span class='ocr_line' id='line_1_18' title="bbox 81 2320 755 2424; baseline 0.016 -34"><span class='ocrx_word' id='word_1_136' title='bbox 81 2325 124 2393; x_wconf 84' lang='lat' dir='ltr'>tas</span> <span class='ocrx_word' id='word_1_137' title='bbox 147 2320 263 2422; x_wconf 86' lang='lat' dir='ltr'>Belgii</span> <span class='ocrx_word' id='word_1_138' title='bbox 289 2321 497 2423; x_wconf 86' lang='lat' dir='ltr'>provincias</span> <span class='ocrx_word' id='word_1_139' title='bbox 523 2325 755 2424; x_wconf 88' lang='lat' dir='ltr'>respiciebat.</span> 
     </span>
    </p>

    <p class='ocr_par' dir='ltr' id='par_1_5' title="bbox 81 2436 1383 2999">
     <span class='ocr_line' id='line_1_19' title="bbox 143 2436 1381 2544; baseline 0.004 -31"><span class='ocrx_word' id='word_1_140' title='bbox 143 2436 240 2524; x_wconf 83' lang='lat' dir='ltr'>Quae</span> <span class='ocrx_word' id='word_1_141' title='bbox 267 2461 351 2514; x_wconf 92' lang='lat' dir='ltr'>oum</span> <span class='ocrx_word' id='word_1_142' title='bbox 376 2437 431 2512; x_wconf 91' lang='lat' dir='ltr'>ita</span> <span class='ocrx_word' id='word_1_143' title='bbox 458 2437 544 2532; x_wconf 89' lang='lat' dir='ltr'>sint,</span> <span class='ocrx_word' id='word_1_144' title='bbox 568 2439 607 2515; x_wconf 92' lang='lat' dir='ltr'>in</span> <span class='ocrx_word' id='word_1_145' title='bbox 635 2464 745 2518; x_wconf 87' lang='lat' dir='ltr'>causa</span> <span class='ocrx_word' id='word_1_146' title='bbox 772 2446 898 2519; x_wconf 88' lang='lat' dir='ltr'>nostra</span> <span class='ocrx_word' id='word_1_147' title='bbox 937 2443 1209 2544; x_wconf 87' lang='lat' dir='ltr'>apertissimum</span> <span class='ocrx_word' id='word_1_148' title='bbox 1250 2446 1319 2535; x_wconf 87' lang='lat' dir='ltr'>est,</span> <span class='ocrx_word' id='word_1_149' title='bbox 1341 2442 1381 2518; x_wconf 92' lang='lat' dir='ltr'>in</span> 
     </span>
     <span class='ocr_line' id='line_1_20' title="bbox 81 2549 1383 2660; baseline 0.008 -36"><span class='ocrx_word' id='word_1_150' title='bbox 81 2549 167 2626; x_wconf 87' lang='lat' dir='ltr'>ltalia</span> <span class='ocrx_word' id='word_1_151' title='bbox 191 2553 386 2630; x_wconf 87' lang='lat' dir='ltr'>Decretum</span> <span class='ocrx_word' id='word_1_152' title='bbox 413 2552 666 2632; x_wconf 81' lang='lat' dir='ltr'>Tridentinum</span> <span class='ocrx_word' id='word_1_153' title='bbox 694 2557 807 2634; x_wconf 85' lang='lat' dir='ltr'>fuisse</span> <span class='ocrx_word' id='word_1_154' title='bbox 834 2559 1107 2660; x_wconf 85' lang='lat' dir='ltr'>promulgatum</span> <span class='ocrx_word' id='word_1_155' title='bbox 1135 2559 1264 2635; x_wconf 87' lang='lat' dir='ltr'>etrite</span> <span class='ocrx_word' id='word_1_156' title='bbox 1291 2583 1383 2634; x_wconf 91' lang='lat' dir='ltr'>oon-</span> 
     </span>
     <span class='ocr_line' id='line_1_21' title="bbox 84 2659 1382 2776; baseline 0.01 -40"><span class='ocrx_word' id='word_1_157' title='bbox 84 2670 271 2768; x_wconf 80' lang='lat' dir='ltr'>stanterque</span> <span class='ocrx_word' id='word_1_158' title='bbox 298 2672 484 2745; x_wconf 84' lang='lat' dir='ltr'>servatum</span> <span class='ocrx_word' id='word_1_159' title='bbox 512 2674 555 2746; x_wconf 90' lang='lat' dir='ltr'>ut</span> <span class='ocrx_word' id='word_1_160' title='bbox 580 2671 667 2748; x_wconf 89' lang='lat' dir='ltr'>tale:</span> <span class='ocrx_word' id='word_1_161' title='bbox 689 2671 909 2776; x_wconf 87' lang='lat' dir='ltr'>quicumque</span> <span class='ocrx_word' id='word_1_162' title='bbox 927 2659 1055 2776; x_wconf 87' lang='lat' dir='ltr'>itaque</span> <span class='ocrx_word' id='word_1_163' title='bbox 1072 2674 1224 2752; x_wconf 87' lang='lat' dir='ltr'>veniant</span> <span class='ocrx_word' id='word_1_164' title='bbox 1249 2675 1382 2751; x_wconf 88' lang='lat' dir='ltr'>haere-</span> 
     </span>
     <span class='ocr_line' id='line_1_22' title="bbox 84 2779 1381 2868; baseline 0.009 -16"><span class='ocrx_word' id='word_1_165' title='bbox 84 2779 133 2856; x_wconf 84' lang='lat' dir='ltr'>tici</span> <span class='ocrx_word' id='word_1_166' title='bbox 155 2782 425 2860; x_wconf 88' lang='lat' dir='ltr'>matrimonium</span> <span class='ocrx_word' id='word_1_167' title='bbox 452 2784 493 2860; x_wconf 94' lang='lat' dir='ltr'>in</span> <span class='ocrx_word' id='word_1_168' title='bbox 526 2785 634 2864; x_wconf 85' lang='lat' dir='ltr'>Italia</span> <span class='ocrx_word' id='word_1_169' title='bbox 669 2789 892 2866; x_wconf 90' lang='lat' dir='ltr'>contracturi</span> <span class='ocrx_word' id='word_1_170' title='bbox 928 2789 959 2866; x_wconf 89' lang='lat' dir='ltr'>si</span> <span class='ocrx_word' id='word_1_171' title='bbox 993 2789 1081 2868; x_wconf 88' lang='lat' dir='ltr'>illud</span> <span class='ocrx_word' id='word_1_172' title='bbox 1114 2815 1190 2867; x_wconf 90' lang='lat' dir='ltr'>non</span> <span class='ocrx_word' id='word_1_173' title='bbox 1232 2790 1381 2866; x_wconf 88' lang='lat' dir='ltr'>servent</span> 
     </span>
     <span class='ocr_line' id='line_1_23' title="bbox 84 2893 892 2999; baseline 0.011 -32"><span class='ocrx_word' id='word_1_174' title='bbox 84 2893 160 2972; x_wconf 91' lang='lat' dir='ltr'>nihil</span> <span class='ocrx_word' id='word_1_175' title='bbox 183 2905 311 2999; x_wconf 86' lang='lat' dir='ltr'>agunt.</span> <span class='ocrx_word' id='word_1_176' title='bbox 889 2919 892 2931; x_wconf 88' lang='grc'><em>·</em></span> 
     </span>
    </p>

    <p class='ocr_par' dir='ltr' id='par_1_6' title="bbox 85 3013 1451 3704">
     <span class='ocr_line' id='line_1_24' title="bbox 146 3013 1384 3123; baseline 0.005 -35"><span class='ocrx_word' id='word_1_177' title='bbox 146 3013 231 3090; x_wconf 90' lang='lat' dir='ltr'>Post</span> <span class='ocrx_word' id='word_1_178' title='bbox 255 3014 347 3091; x_wconf 91' lang='lat' dir='ltr'>baec</span> <span class='ocrx_word' id='word_1_179' title='bbox 373 3015 576 3094; x_wconf 89' lang='lat' dir='ltr'>omittimus</span> <span class='ocrx_word' id='word_1_180' title='bbox 611 3017 749 3098; x_wconf 89' lang='lat' dir='ltr'>referre</span> <span class='ocrx_word' id='word_1_181' title='bbox 790 3022 1123 3100; x_wconf 87' lang='lat' dir='ltr'>animadversiones</span> <span class='ocrx_word' id='word_1_182' title='bbox 1159 3045 1252 3123; x_wconf 90' lang='lat' dir='ltr'>quas</span> <span class='ocrx_word' id='word_1_183' title='bbox 1297 3019 1384 3095; x_wconf 85' lang='lat' dir='ltr'>fecit</span> 
     </span>
     <span class='ocr_line' id='line_1_25' title="bbox 86 3125 1383 3239; baseline 0.008 -41"><span class='ocrx_word' id='word_1_184' title='bbox 86 3125 240 3206; x_wconf 83' lang='lat' dir='ltr'>Defensor</span> <span class='ocrx_word' id='word_1_185' title='bbox 266 3129 493 3207; x_wconf 89' lang='lat' dir='ltr'>matrimonii</span> <span class='ocrx_word' id='word_1_186' title='bbox 520 3158 568 3208; x_wconf 84' lang='lat' dir='ltr'>ex</span> <span class='ocrx_word' id='word_1_187' title='bbox 594 3133 715 3211; x_wconf 87' lang='lat' dir='ltr'>officio</span> <span class='ocrx_word' id='word_1_188' title='bbox 742 3137 992 3239; x_wconf 86' lang='lat' dir='ltr'>inpraesenti</span> <span class='ocrx_word' id='word_1_189' title='bbox 1033 3140 1175 3218; x_wconf 83' lang='lat' dir='ltr'>Causae</span> <span class='ocrx_word' id='word_1_190' title='bbox 1216 3135 1383 3239; x_wconf 82' lang='lat' dir='ltr'>proposi-</span> 
     </span>
     <span class='ocr_line' id='line_1_26' title="bbox 86 3239 1381 3356; baseline 0.012 -46"><span class='ocrx_word' id='word_1_191' title='bbox 86 3239 179 3320; x_wconf 87' lang='lat' dir='ltr'>tione:</span> <span class='ocrx_word' id='word_1_192' title='bbox 199 3244 267 3322; x_wconf 90' lang='lat' dir='ltr'>hae</span> <span class='ocrx_word' id='word_1_193' title='bbox 294 3246 627 3326; x_wconf 86' lang='lat' dir='ltr'>animadversiones</span> <span class='ocrx_word' id='word_1_194' title='bbox 663 3253 818 3329; x_wconf 89' lang='lat' dir='ltr'>redeunt</span> <span class='ocrx_word' id='word_1_195' title='bbox 853 3254 892 3330; x_wconf 90' lang='lat' dir='ltr'>in</span> <span class='ocrx_word' id='word_1_196' title='bbox 918 3254 1016 3348; x_wconf 84' lang='lat' dir='ltr'>illas,</span> <span class='ocrx_word' id='word_1_197' title='bbox 1046 3280 1139 3356; x_wconf 93' lang='lat' dir='ltr'>quae</span> <span class='ocrx_word' id='word_1_198' title='bbox 1175 3253 1314 3354; x_wconf 88' lang='lat' dir='ltr'>passim</span> <span class='ocrx_word' id='word_1_199' title='bbox 1341 3251 1381 3326; x_wconf 93' lang='lat' dir='ltr'>in</span> 
     </span>
     <span class='ocr_line' id='line_1_27' title="bbox 85 3357 1381 3469; baseline 0.011 -41"><span class='ocrx_word' id='word_1_200' title='bbox 85 3357 197 3434; x_wconf 84' lang='lat' dir='ltr'>nostris</span> <span class='ocrx_word' id='word_1_201' title='bbox 222 3359 509 3462; x_wconf 89' lang='lat' dir='ltr'>ephemeridibus</span> <span class='ocrx_word' id='word_1_202' title='bbox 525 3369 611 3442; x_wconf 89' lang='lat' dir='ltr'>sunt</span> <span class='ocrx_word' id='word_1_203' title='bbox 629 3369 817 3469; x_wconf 83' lang='lat' dir='ltr'>expositae</span> <span class='ocrx_word' id='word_1_204' title='bbox 835 3369 874 3445; x_wconf 91' lang='lat' dir='ltr'>in</span> <span class='ocrx_word' id='word_1_205' title='bbox 902 3371 1084 3448; x_wconf 89' lang='lat' dir='ltr'>similibus</span> <span class='ocrx_word' id='word_1_206' title='bbox 1104 3371 1236 3463; x_wconf 85' lang='lat' dir='ltr'>causis,</span> <span class='ocrx_word' id='word_1_207' title='bbox 1261 3391 1381 3469; x_wconf 90' lang='lat' dir='ltr'>quan·</span> 
     </span>
     <span class='ocr_line' id='line_1_28' title="bbox 89 3467 1382 3588; baseline 0.014 -48"><span class='ocrx_word' id='word_1_208' title='bbox 89 3467 122 3542; x_wconf 91' lang='lat' dir='ltr'>do</span> <span class='ocrx_word' id='word_1_209' title='bbox 143 3472 180 3548; x_wconf 86' lang='lat' dir='ltr'>da</span> <span class='ocrx_word' id='word_1_210' title='bbox 202 3476 382 3553; x_wconf 91' lang='lat' dir='ltr'>domicilio</span> <span class='ocrx_word' id='word_1_211' title='bbox 409 3482 446 3555; x_wconf 89' lang='lat' dir='ltr'>et</span> <span class='ocrx_word' id='word_1_212' title='bbox 472 3480 785 3580; x_wconf 89' lang='lat' dir='ltr'>quasi-domicilio</span> <span class='ocrx_word' id='word_1_213' title='bbox 813 3487 949 3588; x_wconf 85' lang='lat' dir='ltr'>agitur,</span> <span class='ocrx_word' id='word_1_214' title='bbox 974 3493 1015 3563; x_wconf 91' lang='lat' dir='ltr'>ut</span> <span class='ocrx_word' id='word_1_215' title='bbox 1050 3483 1173 3562; x_wconf 88' lang='lat' dir='ltr'>videre</span> <span class='ocrx_word' id='word_1_216' title='bbox 1210 3484 1382 3560; x_wconf 83' lang='lat' dir='ltr'>nomina-</span> 
     </span>
     <span class='ocr_line' id='line_1_29' title="bbox 91 3581 1451 3704; baseline 0.017 -49"><span class='ocrx_word' id='word_1_217' title='bbox 91 3583 143 3660; x_wconf 80' lang='lat' dir='ltr'>rim</span> <span class='ocrx_word' id='word_1_218' title='bbox 165 3594 215 3664; x_wconf 88' lang='lat' dir='ltr'>est</span> <span class='ocrx_word' id='word_1_219' title='bbox 237 3590 278 3668; x_wconf 93' lang='lat' dir='ltr'>in</span> <span class='ocrx_word' id='word_1_220' title='bbox 303 3617 414 3670; x_wconf 85' lang='lat' dir='ltr'>causa</span> <span class='ocrx_word' id='word_1_221' title='bbox 441 3581 610 3699; x_wconf 81' lang='lat' dir='ltr'>exposita</span> <span class='ocrx_word' id='word_1_222' title='bbox 635 3598 675 3674; x_wconf 93' lang='lat' dir='ltr'>in</span> <span class='ocrx_word' id='word_1_223' title='bbox 701 3602 776 3678; x_wconf 84' lang='lat' dir='ltr'>vol.</span> <span class='ocrx_word' id='word_1_224' title='bbox 801 3603 824 3678; x_wconf 89' lang='grc' dir='ltr'><em>Ι</em></span> <span class='ocrx_word' id='word_1_225' title='bbox 840 3628 938 3704; x_wconf 78' lang='lat' dir='ltr'>pop.</span> <span class='ocrx_word' id='word_1_226' title='bbox 963 3603 1048 3683; x_wconf 80' lang='lat'>129</span> <span class='ocrx_word' id='word_1_227' title='bbox 1083 3613 1117 3678; x_wconf 82' lang='lat' dir='ltr'>et</span> <span class='ocrx_word' id='word_1_228' title='bbox 1146 3609 1189 3677; x_wconf 78' lang='lat' dir='ltr'>in</span> <span class='ocrx_word' id='word_1_229' title='bbox 1217 3603 1291 3680; x_wconf 89' lang='lat' dir='ltr'>ool.</span> <span class='ocrx_word' id='word_1_230' title='bbox 1324 3601 1387 3678; x_wconf 86' lang='lat' dir='ltr'>IV</span> <span class='ocrx_word' id='word_1_231' title='bbox 1448 3679 1451 3686; x_wconf 16' lang='grc' dir='ltr'><strong><em>Δ</em></strong></span> 
     </span>
    </p>
   </div>
   <div class='ocr_carea' id='block_1_3' title="bbox 91 3702 1382 3891">
    <p class='ocr_par' dir='ltr' id='par_1_7' title="bbox 91 3702 1382 3891">
     <span class='ocr_line' id='line_1_30' title="bbox 91 3702 1382 3891; baseline 0.01 -112"><span class='ocrx_word' id='word_1_232' title='bbox 91 3702 282 3891; x_wconf 55' lang='lat' dir='ltr'>ffilqpm</span> <span class='ocrx_word' id='word_1_233' title='bbox 302 3730 395 3808; x_wconf 89' lang='lat' dir='ltr'>quae</span> <span class='ocrx_word' id='word_1_234' title='bbox 423 3709 646 3790; x_wconf 90' lang='lat' dir='ltr'>obiectiones</span> <span class='ocrx_word' id='word_1_235' title='bbox 673 3715 711 3790; x_wconf 94' lang='lat' dir='ltr'>in</span> <span class='ocrx_word' id='word_1_236' title='bbox 738 3717 925 3818; x_wconf 87' lang='lat' dir='ltr'>praesenti</span> <span class='ocrx_word' id='word_1_237' title='bbox 952 3717 1116 3796; x_wconf 89' lang='lat' dir='ltr'>themate</span> <span class='ocrx_word' id='word_1_238' title='bbox 1142 3716 1247 3795; x_wconf 88' lang='lat' dir='ltr'>facile</span> <span class='ocrx_word' id='word_1_239' title='bbox 1274 3714 1382 3794; x_wconf 77' lang='lat' dir='ltr'>refel-</span> 
     </span>
    </p>
   </div>
   <div class='ocr_carea' id='block_1_4' title="bbox 631 4000 812 4058">
    <p class='ocr_par' dir='ltr' id='par_1_8' title="bbox 631 4000 812 4058">
     <span class='ocr_line' id='line_1_31' title="bbox 631 4000 812 4058; baseline 0.017 -4"><span class='ocrx_word' id='word_1_240' title='bbox 631 4000 812 4058; x_wconf 75' lang='lat' dir='ltr'>nubtum</span> 
     </span>
    </p>
   </div>
   <div class='ocr_carea' id='block_1_5' title="bbox 109 4134 1382 4492">
    <p class='ocr_par' dir='ltr' id='par_1_9' title="bbox 109 4134 1382 4492">
     <span class='ocr_line' id='line_1_32' title="bbox 165 4134 1382 4260; baseline 0.018 -48"><span class='ocrx_word' id='word_1_241' title='bbox 165 4134 246 4212; x_wconf 75' lang='lat' dir='ltr'>&lt;hu</span> <span class='ocrx_word' id='word_1_242' title='bbox 276 4145 475 4222; x_wconf 88' lang='lat' dir='ltr'>sententiat</span> <span class='ocrx_word' id='word_1_243' title='bbox 508 4147 644 4229; x_wconf 79' lang='lat' dir='ltr'>Curiae</span> <span class='ocrx_word' id='word_1_244' title='bbox 679 4153 1013 4260; x_wconf 83' lang='lat' dir='ltr'>Archiepiscopalis</span> <span class='ocrx_word' id='word_1_245' title='bbox 1050 4159 1099 4237; x_wconf 88' lang='lat' dir='ltr'>sit</span> <span class='ocrx_word' id='word_1_246' title='bbox 1133 4157 1382 4237; x_wconf 87' lang='lat' dir='ltr'>confirmanda</span> 
     </span>
     <span class='ocr_line' id='line_1_33' title="bbox 109 4241 647 4342; baseline 0.03 -20"><span class='ocrx_word' id='word_1_247' title='bbox 109 4241 183 4318; x_wconf 70' lang='lat' dir='ltr'>’vel</span> <span class='ocrx_word' id='word_1_248' title='bbox 204 4248 410 4335; x_wconf 87' lang='lat' dir='ltr'>infirmanda</span> <span class='ocrx_word' id='word_1_249' title='bbox 436 4262 475 4336; x_wconf 91' lang='lat' dir='ltr'>in</span> <span class='ocrx_word' id='word_1_250' title='bbox 504 4288 647 4342; x_wconf 81' lang='lat' dir='ltr'>casu.»</span> 
     </span>
     <span class='ocr_line' id='line_1_34' title="bbox 164 4361 1379 4492; baseline 0.018 -50"><span class='ocrx_word' id='word_1_251' title='bbox 164 4361 368 4451; x_wconf 78' lang='lat' dir='ltr'>Rusonuno.</span> <span class='ocrx_word' id='word_1_252' title='bbox 389 4375 429 4452; x_wconf 86' lang='lat' dir='ltr'>S.</span> <span class='ocrx_word' id='word_1_253' title='bbox 460 4379 706 4485; x_wconf 79' lang='lat' dir='ltr'>Congregatio</span> <span class='ocrx_word' id='word_1_254' title='bbox 734 4385 891 4463; x_wconf 86' lang='lat' dir='ltr'>Ooncilii</span> <span class='ocrx_word' id='word_1_255' title='bbox 918 4413 1029 4466; x_wconf 89' lang='lat' dir='ltr'>causa</span> <span class='ocrx_word' id='word_1_256' title='bbox 1064 4391 1211 4492; x_wconf 84' lang='lat' dir='ltr'>cognita</span> <span class='ocrx_word' id='word_1_257' title='bbox 1238 4389 1294 4465; x_wconf 91' lang='lat' dir='ltr'>die</span> <span class='ocrx_word' id='word_1_258' title='bbox 1329 4385 1379 4466; x_wconf 76' lang='lat'>27</span> 
     </span>
    </p>
   </div>
   <div class='ocr_carea' id='block_1_6' title="bbox 102 4465 1383 4695">
    <p class='ocr_par' dir='ltr' id='par_1_10' title="bbox 102 4465 1383 4695">
     <span class='ocr_line' id='line_1_35' title="bbox 102 4465 1383 4609; baseline 0.028 -64"><span class='ocrx_word' id='word_1_259' title='bbox 102 4465 229 4558; x_wconf 81' lang='lat' dir='ltr'>Ianuarii</span> <span class='ocrx_word' id='word_1_260' title='bbox 256 4484 353 4566; x_wconf 80' lang='lat'>1872</span> <span class='ocrx_word' id='word_1_261' title='bbox 379 4495 600 4593; x_wconf 87' lang='lat' dir='ltr'>respondere</span> <span class='ocrx_word' id='word_1_262' title='bbox 619 4499 776 4576; x_wconf 87' lang='lat' dir='ltr'>censuit:</span> <span class='ocrx_word' id='word_1_263' title='bbox 797 4503 1035 4582; x_wconf 73' lang='lat' dir='ltr'>Sententiam</span> <span class='ocrx_word' id='word_1_264' title='bbox 1054 4529 1133 4582; x_wconf 84' lang='lat' dir='ltr'>esse</span> <span class='ocrx_word' id='word_1_265' title='bbox 1151 4507 1383 4609; x_wconf 77' lang='lat' dir='ltr'>confirmau-</span> 
     </span>
     <span class='ocr_line' id='line_1_36' title="bbox 106 4584 705 4695; baseline 0.06 -40"><span class='ocrx_word' id='word_1_266' title='bbox 106 4584 186 4676; x_wconf 85' lang='lat' dir='ltr'>dcm,</span> <span class='ocrx_word' id='word_1_267' title='bbox 199 4602 288 4695; x_wconf 83' lang='lat' dir='ltr'>facto</span> <span class='ocrx_word' id='word_1_268' title='bbox 313 4605 424 4681; x_wconf 78' lang='lat' dir='ltr'>verbo</span> <span class='ocrx_word' id='word_1_269' title='bbox 451 4631 539 4685; x_wconf 75' lang='lat' dir='ltr'>oum</span> <span class='ocrx_word' id='word_1_270' title='bbox 568 4610 705 4692; x_wconf 79' lang='lat' dir='ltr'>SSmo.</span> 
     </span>
    </p>
   </div>
   <div class='ocr_carea' id='block_1_7' title="bbox 0 0 1685 4962">
    <p class='ocr_par' dir='ltr' id='par_1_11' title="bbox 0 0 1685 4962">
     <span class='ocr_line' id='line_1_37' title="bbox 0 0 1685 4962; baseline 0 0"><span class='ocrx_word' id='word_1_271' title='bbox 0 0 1685 4962; x_wconf 95' lang='lat' dir='ltr'> </span> 
     </span>
    </p>
   </div>
   <div class='ocr_carea' id='block_1_8' title="bbox 194 4847 644 4911">
    <p class='ocr_par' dir='ltr' id='par_1_12' title="bbox 194 4847 644 4911">
     <span class='ocr_line' id='line_1_38' title="bbox 194 4847 644 4911; baseline 0 -1"><span class='ocrx_word' id='word_1_272' title='bbox 194 4847 302 4910; x_wconf 61' lang='lat' dir='ltr'>toron.</span> <span class='ocrx_word' id='word_1_273' title='bbox 319 4857 404 4911; x_wconf 80' lang='lat' dir='ltr'><strong><em>VH..</em></strong></span> <span class='ocrx_word' id='word_1_274' title='bbox 423 4859 490 4910; x_wconf 65' lang='lat' dir='ltr'>rasa.</span> <span class='ocrx_word' id='word_1_275' title='bbox 507 4861 644 4910; x_wconf 67' lang='lat' dir='ltr'>enarr.</span> 
     </span>
    </p>
   </div>
  </div>
 </body>
</html>
