3238 4940
208 270 271 352 110
610 247 612 260 i
638 293 727 352 saraa
753 293 914 354 obturare
940 297 1077 354 orcutrl.

206 425 298 502 quae
327 399 472 476 fictione
498 401 645 477 tantum
672 401 764 478 iuris
782 384 963 480 ¹dicuntur
985 406 1229 503 Praebendae,
1257 402 1350 486 idest
1383 405 1519 510 quando
1598 446 1599 463 ¹

206 517 413 594 consistunt
439 515 477 592 in
505 515 591 592 solis
618 517 935 594 distributionibus
963 521 1199 620 quotidianis.

284 632 346 710 lll.
370 633 498 731 Neque
524 632 688 732 protendi
716 632 760 708 ad
786 634 1029 747 capitularem
1070 659 1248 732 mensam,
1287 639 1457 740 quamvis
1483 663 1523 716 cr
1597 641 1598 646 ‘

206 746 399 852 capitulari
426 771 553 823 mensa
578 744 753 824 Canonici
792 749 966 842 redditus,
1005 750 1068 851 qui
1095 753 1226 828 tenues
1253 753 1517 848 existimantur,

207 864 406 965 accipiant.

283 981 350 1056 lV.
373 978 563 1080 Multoque
590 978 712 1054 minus
752 1003 833 1054 eam
875 978 1088 1056 facultatem
1116 983 1282 1083 protendi
1314 983 1360 1059 ad
1387 983 1519 1062 cultum

206 1097 397 1173 sacristiae
424 1093 482 1172 vel
510 1093 669 1171 fabricae
696 1095 882 1172 ecclesiae.

287 1214 336 1287 V.
357 1211 512 1310 Ideoque
530 1212 675 1286 tautum
689 1211 895 1287 Tridentini
909 1211 1065 1290 Concilii
1083 1214 1195 1291 verba
1206 1213 1327 1290 valere
1345 1219 1517 1316 quantum

205 1325 426 1424 exprimant,
449 1325 666 1426 praesertim
684 1350 797 1426 quum
824 1327 866 1401 de
894 1351 933 1401 re
962 1333 1105 1429 agatur,
1143 1352 1236 1431 quae
1263 1333 1430 1432 respectu
1460 1331 1519 1408 Be

204 1441 324 1519 ncdcii
354 1441 502 1519 uniendi
530 1440 654 1516 odiosa
681 1442 731 1516 sit
758 1446 868 1542 atque
894 1443 1053 1543 speciem
1080 1444 1200 1546 sapiat
1226 1444 1471 1524 alienationis,

286 1559 351 1633 Vl.
373 1555 506 1648 Quare,
530 1557 674 1657 quoties
701 1557 903 1657 Episcopus
923 1559 1027 1634 unire
1045 1559 1232 1636 Beneficia
1259 1561 1438 1662 simplicia
1454 1586 1519 1637 non

204 1671 322 1774 possit
349 1672 385 1747 vi
413 1672 499 1747 dicti
528 1671 658 1774 capitis
689 1670 736 1746 15
765 1697 855 1748 sess.
877 1673 942 1766 24,
966 1699 1040 1750 non
1059 1674 1168 1752 aliam
1187 1680 1380 1778 suppetere
1407 1677 1512 1771 viam,

205 1812 315 1890 quam
342 1786 547 1888 imploratio
573 1785 759 1864 facultatis
787 1813 809 1862 a
837 1787 874 1864 S.
899 1789 990 1866 Sede
1016 1789 1250 1866 obtinendae.

285 1903 369 1981 Vll.
393 1903 435 1978 ln
462 1902 624 1980 themate
651 1905 785 1997 autern,
808 1906 1198 2006 praeterquamquod
1225 1929 1271 1980 ex
1297 1905 1404 1982 dictis
1430 1911 1519 1983 esset

204 2018 293 2095 unio
320 2017 432 2110 nulla,
456 2017 661 2094 cucurrisse
689 2043 832 2120 quoque
872 2019 1202 2113 circumstantiam,
1224 2047 1297 2124 qua
1325 2015 1424 2116 unio,
1452 2045 1519 2099 non

206 2135 323 2210 adhuc
350 2134 553 2209 executioni
582 2136 766 2228 mandata,
790 2136 830 2211 in
857 2161 942 2212 eum
960 2161 1084 2212 casum
1104 2136 1294 2230 inciderat,
1318 2163 1341 2214 a
1368 2163 1439 2239 quo
1469 2140 1517 2215 in·

204 2249 322 2352 cipere
348 2272 422 2325 non
449 2251 609 2353 poterat,
632 2275 678 2327 ex
704 2250 897 2352 posteriori
924 2250 1101 2327 dioecesis
1129 2251 1464 2330 dismcrnbratione.

640 2539 1099 2585 W

685 2799 1037 2883 bardintuna

364 3012 424 3078 na
445 3013 487 3075 15
508 3011 684 3075 necemus
708 3011 802 3072 1871.

284 3195 533 3273 Oouenuorun
561 3214 682 3268 raum.
713 3191 821 3268 Anno
852 3187 1128 3293 1737111111
1158 3193 1307 3270 Marcus
1341 3191 1513 3270 Leonardi

205 3309 447 3412 capellaniam
474 3307 643 3386 fundavit
670 3305 924 3407 his'legibus:
959 3309 1252 3410 ‹Capellauiam
1281 3335 1381 3386 mere
1408 3309 1512 3386 laica-

210 3456 227 3498 a
251 3427 317 3501 lem
345 3424 464 3501 erexit
489 3425 529 3500 in
557 3448 642 3501 ven.
681 3422 835 3502 ccclesia
868 3425 1003 3502 SSrirae
1030 3423 1300 3500 Annuntiatae.
1332 3429 1408 3502 Pro
1438 3425 1511 3500 dote

209 3547 371 3617 »sudem
398 3542 436 3615 et
461 3539 573 3616 fundo
609 3539 725 3616 dictae
761 3543 960 3641 perpetuae
1001 3538 1226 3640 capellaniae
1267 3542 1458 3618 constituit
1482 3542 1513 3615 et

208 3685 226 3731 ›
249 3654 449 3758 assignavit
475 3653 554 3730 loca
581 3653 787 3757 quindecim
819 3654 959 3730 Montis
988 3655 1027 3730 S.
1057 3655 1212 3731 Petri...
1243 3680 1327 3731 cum
1355 3655 1511 3758 assigua-

209 3773 348 3849 ›tione
374 3775 412 3848 et
437 3771 687 3848 reservatione
714 3769 901 3846 fructuum
929 3768 1129 3871 Capellano
1162 3795 1230 3872 pro
1248 3775 1426 3871 tempore,
1457 3768 1510 3869 qui

208 3918 226 3961 ›
249 3891 396 3963 tenetur
422 3886 607 3964 celebrare
635 3910 699 3960 seu
728 3885 905 3962 celebrari
934 3885 1055 3962 facere
1079 3885 1212 3962 Missas
1232 3884 1365 3985 viginti
1386 3889 1511 3985 septem

208 4002 412 4103 »quolibet
437 4025 612 4078 mense...
636 4025 730 4100 quae
758 4001 857 4075 Loca
891 4002 1074 4077 lllontium
1122 4003 1296 4100 perpetuo
1330 4003 1427 4076 stare
1460 4001 1513 4075 de·

208 4146 226 4188 ›
250 4121 359 4193 beant
384 4117 549 4194 subiecta
576 4120 614 4194 et
640 4115 807 4218 obligata
833 4121 870 4193 et
897 4115 1145 4218 hypothecata
1168 4139 1235 4216 pro
1254 4115 1367 4192 fundo
1386 4123 1423 4192 et
1439 4117 1512 4191 dote

208 4261 226 4307 ›
248 4233 365 4310 dictae
391 4232 641 4334 capellaniae,
673 4231 727 4307 ita
755 4235 795 4309 ut
821 4231 922 4308 nullo
961 4255 1133 4329 umquam
1170 4234 1362 4332 tempore,
1395 4229 1512 4334 quovis

209 4351 315 4423 »sub
341 4353 535 4449 praetextu
562 4354 600 4425 et
627 4374 751 4440 causa,
785 4333 897 4424 vendr-
920 4351 957 4422 et
984 4345 1135 4421 alienari
1163 4348 1321 4447 possint.

287 4466 401 4541 »Pro
428 4464 547 4564 primo
574 4463 762 4566 capellano
789 4463 834 4538 ad
862 4461 1143 4536 celebrationem
1175 4461 1357 4538 dictarum
1387 4462 1510 4539 Missa-

210 4604 330 4656 >rum
356 4579 564 4655 nominavit
591 4605 634 4654 ac
659 4579 828 4654 nominat
854 4577 974 4653 111).
998 4575 1218 4652 Silvestrum
1237 4575 1280 4652 de
1299 4575 1418 4654 Salvis
1436 4577 1506 4652 eius

210 4695 328 4781 avita
354 4692 516 4774 naturali
542 4696 710 4792 durante,
742 4715 825 4769 cum
852 4690 1022 4769 omnibus
1049 4689 1261 4788 honoribus,
1295 4688 1506 4794 praerogati-
