3238 4940
476 313 515 364 ns
538 313 628 366 ceusu
651 313 679 364 s.
699 313 815 365 succan
841 310 886 364 ιιι.
1276 285 1337 363 lib

46 409 247 478 Earavallensi
270 409 423 476 coenobio
453 413 656 473 monasticum
678 413 781 472 induit
802 413 954 472 habitum.
976 410 1128 490 Regulari
1150 409 1350 472 observantia

46 523 70 571 cl
90 517 235 583 virtutum
259 512 362 572 nitore
383 513 497 572 Sancto
512 511 665 583 Magistro
679 528 735 570 suo
754 516 897 587 acceptus
918 510 1050 586 primum
1070 509 1261 570 Monasterio
1274 510 1351 570 Far-

47 615 109 673 icnsi
127 613 162 672 ab
183 631 218 673 eo
241 611 427 688 praefectus,
442 609 551 670 deiude
572 609 675 670 Abbas
689 610 830 670 coenobii
847 611 1033 670 Sanctorum
1047 609 1206 670 Vincentii
1220 611 1254 670 et
1267 611 1350 670 hna-

47 712 118 770 stnsii
144 713 235 771 extra
255 710 369 770 Urbem
397 709 434 768 ad
457 712 561 784 Aquas
582 707 705 770 Salvias
732 709 771 768 ab
792 709 970 768 Innocentio
991 710 1019 770 Il
1044 710 1169 770 Summo
1197 707 1349 769 Pontifice

48 807 288 868 selectusast.1n
310 805 457 864 obeundis
478 805 647 866 Ministerii
670 803 730 864 sibi
751 803 863 864 crediti
885 804 1065 864 muneribus
1086 805 1160 864 adeo
1181 803 1350 884 sanctimo-¹

48 907 102 966 niae
120 908 150 964 et
171 902 355 981 prudentiae
378 899 460 963 fama
487 901 629 962 omuibus
656 904 848 976 innotuerat,
863 909 899 962 ut
926 901 1105 964 cardinales
1132 905 1203 980 post
1231 901 1349 962 obitum

49 1004 120 1066 Lucii
138 1005 163 1063 11
184 1001 303 1063 Summi
319 999 479 1060 Pontificis
494 1001 524 1059 iu
541 1001 680 1062 comitiis
695 1019 750 1077 pro
764 1001 906 1079 eligendo
920 1001 1069 1062 Pontihce
1084 1000 1209 1061 collecti
1229 999 1351 1078 dignio-

50 1121 100 1162 rem
118 1104 151 1162 ad
173 1104 295 1162 tantam
316 1101 500 1178 dignitatem
528 1099 719 1160 evehendum
746 1099 868 1160 Abbate
894 1099 1053 1160 Bernardo
1081 1097 1271 1158 invenerunt
1299 1115 1350 1156 ue-

50 1202 153 1258 nirem.
174 1201 278 1266 Quare
297 1198 420 1257 cunctis
435 1197 592 1274 suffragiis
614 1195 758 1256 Pontifex
772 1197 927 1256 Maximus
942 1196 1059 1255 electus
1079 1193 1210 1270 Eugenii
1229 1195 1273 1253 Ill
1295 1211 1351 1252 no·
1403 1183 1408 1195 ¹

50 1317 104 1356 nen
123 1297 177 1356 sihi
199 1296 358 1374 imposuit.
375 1295 572 1356 Difficillimis
594 1294 786 1372 temporibus
806 1293 1029 1354 Pontificatum
1049 1292 1135 1367 iniit3
1150 1291 1349 1353 audacissimi

50 1398 114 1454 enirn
135 1395 309 1472 perduelles
336 1397 493 1456 Romanae
513 1392 668 1454 Ecclesiae
697 1392 910 1470 Principatum
941 1389 1080 1452 funditus
1106 1397 1252 1452 evertere
1277 1408 1352 1450 cou-

52 1495 208 1564 tendebaut,
224 1493 351 1570 ideoque
373 1492 466 1552 semel
489 1494 581 1568 atque
596 1491 711 1550 iterum
726 1490 764 1551 ab
778 1490 860 1552 Urbe
882 1489 1038 1550 discedere
1060 1492 1197 1563 coactus,
1217 1488 1248 1550 in
1270 1507 1353 1549 eam-

52 1593 119 1661 dem,
140 1591 301 1650 turbarum
323 1589 487 1648 Satoribus
508 1586 682 1664 propulsis,
704 1605 821 1646 summo
843 1587 959 1645 honore
986 1589 1019 1646 et
1040 1585 1189 1646 bonorum
1215 1586 1352 1646 omnium

53 1688 240 1764 protelatione
262 1703 423 1764 regressus
444 1689 502 1744 est.
519 1684 662 1756 Interim,
681 1685 751 1742 dum
775 1683 876 1760 populi
899 1683 1152 1760 perturbationes
1173 1683 1350 1756 fervebant,

51 1786 166 1845 l'iterbii
180 1801 372 1846 commorans
393 1786 527 1861 Legatos
542 1782 684 1856 angliae,
697 1782 833 1854 Sentice,
844 1781 1040 1854 Germaniae,
1054 1780 1219 1858 Hispaniae
1234 1784 1266 1841 et
1280 1781 1354 1844 Gal·

53 1885 100 1945 liae
116 1887 235 1963 excepit
255 1885 309 1962 qui
329 1885 406 1944 illuc
426 1884 618 1943 advenerant
640 1886 675 1941 ut
695 1899 775 1940 novo
796 1883 960 1941 Pastorum
983 1879 1120 1956 Principi
1144 1880 1351 1940 obedientiam

52 2001 80 2042 ac
96 1985 266 2060 obsequium
288 1985 495 2060 praestarent.
513 1983 651 2057 Itemque
673 1980 814 2040 nonnulli
830 1983 1034 2040 Armenorum
1050 1979 1191 2057 Episcopi
1213 1978 1351 2050 adfuere,

53 2079 266 2158 histropolitaui
287 2097 322 2140 ac
343 2079 445 2156 gentis
466 2095 539 2138 suae
561 2077 682 2136 nomine
710 2077 938 2137 observantiam
967 2095 1003 2136 ac
1024 2076 1259 2136 submissionem
1282 2093 1355 2152 pro·

54 2175 167 2250 lauhs,
183 2177 309 2254 eiusque
329 2173 516 2235 sententiam
539 2174 577 2232 de
598 2174 740 2250 pluribus
758 2175 928 2234 Orientalis
943 2173 1100 2234 Ecclesiae
1116 2173 1355 2233 necessitatibus

55 2274 244 2347 exquirentes.
268 2274 303 2334 In
324 2271 457 2332 Galliam
480 2270 636 2347 proiectus
665 2271 792 2332 Rhamis
814 2290 848 2331 ac
870 2271 1012 2330 Treviris
1033 2270 1172 2332 Concilia
1192 2271 1302 2331 habuit
1322 2271 1354 2333 in

55 2366 146 2439 quibus
165 2367 257 2426 Eonis
277 2369 310 2426 et
331 2365 466 2425 Gilberti
488 2363 655 2424 Porretani
676 2381 800 2423 errores
822 2364 1022 2442 proscripsit,
1045 2365 1194 2441 pluraque
1222 2369 1355 2426 Decreta

55 2463 84 2519 ad
102 2463 177 2524 (lieri
197 2462 392 2539 disciplinam
417 2462 638 2543 reparandam,
662 2465 695 2520 et
722 2460 972 2521 Ecclesiasticam
1001 2462 1181 2522 libertatem
1208 2464 1355 2523 tuendam

56 2560 179 2621 sancivit.
201 2559 331 2622 Sueciac
351 2563 386 2619 et
404 2558 580 2636 Norvegiae
602 2557 731 2634 populos
751 2575 806 2634 per
826 2559 1021 2620 cardinalem
1049 2559 1213 2620 Nicolaum
1234 2560 1356 2619 Break-

57 2675 145 2732 speare
163 2661 313 2736 Legatum
334 2656 548 2734 Apostolicum
569 2655 640 2714 fidei
662 2655 840 2716 catholicae
862 2657 1111 2718 observantiores
1127 2657 1201 2717 iecit
1221 2676 1256 2718 ac
1270 2658 1356 2719 iuter

57 2773 98 2814 eos
115 2775 201 2817 novas
222 2756 419 2833 Episcopules
440 2773 476 2815 ac
496 2753 756 2832 Metropolitanus
777 2755 871 2814 Sedes
892 2755 1045 2816 instituit.
1065 2757 1112 2816 Ex
1134 2755 1238 2818 Gallia
1258 2757 1357 2818 disce·

58 2853 117 2912 dens
137 2873 191 2914 una
210 2873 279 2914 cum
301 2855 413 2915 Sancto
428 2855 586 2914 Bernardo
609 2858 776 2930 utrumque
790 2853 975 2913 Oeenobium
990 2854 1222 2914 Olaravallense
1235 2855 1358 2916 scilicet

59 2949 279 3011 etOisterciense
291 2951 403 3010 invisit
413 2949 617 3011 acMonachis
626 2949 699 3009 olim
709 2948 921 3009 confratribus
935 2950 997 3010 suis
1009 2952 1133 3010 sanctae
1144 2953 1357 3012 conversatio-

60 3024 97 3104 iis
105 3049 252 3123 praeclara
262 3049 393 3126 reliquit
404 3048 594 3125 exempla.ln
605 3047 729 3108 Italiam
737 3052 900 3108 revertens
910 3067 929 3106 a
940 3049 1055 3109 Sancto
1063 3051 1221 3109 Bernardo
1236 3051 1356 3110 monita

61 3145 152 3207 salutis
168 3148 337 3226 exquisivit
356 3148 466 3224 quihus
487 3151 521 3206 et
540 3149 626 3206 recte
648 3147 815 3206 Ecclesiam
836 3147 1089 3218 administraret,
1112 3151 1144 3207 at
1164 3133 1253 3208 Sedis
1274 3151 1358 3226 Apo-

62 3243 168 3304 stolicae
185 3248 255 3308 iura
276 3248 448 3304 tutaretur.
465 3227 527 3304 lile
543 3242 713 3321 pretiosum
735 3244 764 3303 ei
785 3243 914 3303 Librum
935 3245 971 3302 de
987 3241 1249 3305 consideratione
1270 3245 1357 3308 dedit

63 3338 86 3394 iu
104 3357 153 3416 quo
171 3341 332 3401 Pontificis
351 3343 385 3402 et
402 3339 556 3416 Principis
577 3357 706 3399 munera
720 3341 983 3418 obligationesque
1000 3343 1208 3404 declarantur.
1230 3345 1358 3404 Sarace-

63 3453 148 3498 norum
160 3440 316 3500 audaciam
332 3438 457 3499 collatis
469 3439 717 3500 Christianorum
730 3439 910 3516 Principum
928 3441 1049 3500 viribus
1063 3459 1205 3502 coercere
1219 3444 1356 3504 curavit.

64 3531 180 3596 Eximius
200 3539 310 3598 extitit
330 3537 525 3598 Litterarum
540 3538 656 3608 cultor,
672 3543 705 3598 et
719 3539 906 3616 Theologiae
922 3558 957 3598 ac
972 3540 1235 3616 Iurisprudentiac
1256 3542 1359 3603 studia

67 3634 233 3706 perarmavit,
255 3633 409 3710 simulque
430 3635 467 3693 ad
490 3631 672 3693 alliciendos
691 3621 875 3694 Auditorum
892 3635 1010 3694 animos
1031 3638 1231 3697 Academicos
1245 3641 1360 3714 gradus

68 3725 200 3804 instituit,
221 3733 333 3809 quibus
354 3731 488 3808 alacrius
509 3732 671 3792 scientiam
693 3734 897 3794 addiscerent.
923 3735 1032 3793 Pacem
1055 3735 1162 3794 fovens
1190 3737 1359 3798 discordias

69 3823 169 3888 Pisanos
188 3830 273 3892 iuter
294 3833 329 3890 et
349 3831 503 3892 Lucenses
524 3847 703 3906 componere
722 3831 850 3908 sategit.
867 3829 987 3890 Dilexit
1008 3831 1148 3890 decorem
1171 3835 1283 3893 Domus
1304 3837 1358 3894 Dei

70 3937 92 3978 ac
110 3927 221 4000 preinde
241 3929 442 3990 Liberianam
460 3927 625 3988 Basilicam
648 3927 821 4005 pulchriori
836 3935 947 3990 ornatu
963 3930 1133 4001 decoravit,
1150 3930 1361 4010 plurimasque
1405 3975 1407 3980 -

71 4019 192 4086 Ecclesiae
220 4027 268 4085 val
291 4025 472 4102 reparavit,
496 4026 546 4084 vel
568 4025 713 4102 pretiosis
734 4025 869 4086 donariis
891 4027 1017 4086 ditavit.
1042 4028 1226 4090 Rectoribus
1253 4033 1361 4092 mundi

71 4113 139 4180 huius
157 4125 311 4200 exemplar
332 4122 494 4200 proposuit
514 4123 592 4198 quod
615 4123 645 4181 in
663 4128 747 4184 recto
760 4124 942 4200 populorum
959 4123 1110 4200 regimine
1126 4129 1158 4184 et
1173 4126 1203 4184 in
1218 4127 1288 4185 fidei
1304 4129 1362 4190 Oa.

73 4215 180 4279 thelicae
198 4221 370 4282 defensioue
394 4238 468 4298 prae
490 4221 588 4280 oculis
608 4221 760 4281 haberant
787 4222 958 4298 piissimum
981 4241 1088 4299 nempe
1109 4225 1277 4284 Hauricum
1301 4228 1361 4285 lm·

74 4317 235 4390 periuram,
255 4333 345 4394 quem
373 4315 405 4374 in
427 4315 610 4375 Sanctorum
632 4315 736 4374 album
758 4314 882 4375 retulit.
905 4316 1008 4376 Rebus
1034 4320 1156 4376 medem
1185 4321 1362 4395 compositis

75 4425 127 4464 cum
144 4412 232 4473 Tibur
252 4415 290 4473 ab
313 4413 395 4476 Urbe
416 4413 621 4472 contenderat
642 4419 678 4472 ut
698 4413 834 4473 aestivos
855 4414 1027 4473 declinaret
1047 4414 1180 4487 calores,
1204 4417 1246 4476 ibi
1268 4419 1358 4494 gravi

79 4521 88 4546 ι
100 4509 157 4566 urbe
170 4512 333 4588 implicitus
354 4513 507 4572 iustorum
523 4515 654 4571 mortem
668 4511 803 4588 oppetiit
822 4516 932 4572 octavo
948 4515 1018 4572 idus
1032 4513 1105 4572 Iulii
1128 4532 1207 4574 anno
1223 4516 1361 4599 bichni,

80 4619 92 4671 t·
120 4621 203 4680 'puram
223 4613 253 4671 in
273 4611 362 4672 Petri
384 4612 541 4673 Osthedra
561 4611 693 4672 sedisset
719 4629 814 4671 annos
836 4615 906 4670 octo
927 4617 960 4672 et
982 4631 1099 4671 meuses
1119 4621 1262 4689 quatuor.
1290 4614 1362 4672 Eius

98 4721 167 4756 ⁴unu
189 4711 263 4768 inter
285 4712 447 4768 viduarum
471 4717 503 4769 et
526 4727 693 4786 pauperum
722 4709 886 4786 lacrimas,
909 4711 940 4772 iu
963 4731 1091 4792 quorum
1121 4713 1260 4774 mariba<
1290 4713 1359 4770 dum

133 4819 196 4864 :aaa
210 4821 279 4866 l'om.
301 4819 383 4866 VII..
403 4817 469 4866 fasc.
486 4819 603 4868 LXXV.
1221 4819 1239 4870 8
