3338 4962
584 346 735 408 aaronem
759 347 873 404 ursana.
1351 325 1389 404 ll

91 461 173 544 »die
199 455 368 561 celebrat,
393 467 586 566 utramque
613 463 767 540 Missam
793 462 928 566 populo
955 459 1026 540 sibi
1054 457 1246 541 commisso
1273 463 1393 566 gratis

91 580 296 684 »applicare
323 581 472 656 omnino
500 583 669 655 teneatur
697 579 736 655 in
764 603 864 655 casu.

157 726 173 770 ›
192 697 252 773 ΠΙ.
274 697 336 773 An
363 695 508 772 Vicarii
535 696 599 771 aut
626 694 690 771 alii
708 694 920 772 Sacerdotes
939 721 1065 773 curam
1078 697 1289 774 animarum
1318 719 1394 772 non

92 813 302 904 »habentes
325 811 357 888 si
385 811 527 913 quando
554 812 612 887 bis
648 812 688 888 in
713 811 772 887 die
815 809 1001 888 celebrant
1038 815 1079 889 ut
1105 812 1147 888 fit
1174 811 1394 914 quandoque

92 953 180 1004 »sen
205 930 245 1002 ut
272 948 427 1003 numero
455 925 652 1004 sufficienti
678 927 818 1002 Missae
846 927 884 1001 in
911 926 1066 1004 ecclesia
1098 925 1300 1029 parochiali
1336 944 1398 1000 ce*

92 1042 310 1132 ›lebrentur,
343 1065 408 1117 seu
436 1043 479 1118 ut
505 1040 716 1142 hospitalia,
748 1065 925 1140 carceres,
945 1041 1284 1118 sanctimonialium
1309 1063 1396 1115 con·

92 1159 243 1232 »ventus
270 1156 389 1231 Missa
414 1179 490 1231 non
518 1159 683 1248 careant,
715 1156 910 1232 secundam
938 1159 977 1232 et
1004 1156 1077 1259 ipsi
1104 1157 1260 1235 Missam
1278 1177 1395 1256 popu-

93 1271 154 1347 ›lo
177 1272 294 1374 gratis
322 1269 508 1372 applicare
536 1274 732 1348 teneantur
758 1271 798 1348 in
823 1295 925 1347 casu.
962 1300 980 1345 >
1097 1349 1099 1355 .

154 1388 260 1465 Sacra
286 1386 536 1488 Congregatio
563 1387 767 1488 rescripsit:
798 1386 843 1462 ad
870 1387 885 1463 Ι
911 1387 1166 1490 Affirnnciioe:
1196 1387 1249 1493 ad·
1268 1387 1302 1464 ΙΙ
1321 1385 1393 1464 Ne-

90 1510 213 1604 pntioe,
238 1504 355 1603 firma
374 1503 633 1604 prohibitione
661 1495 873 1605 recipiendi
912 1505 1192 1602 eleemosynam
1222 1529 1300 1605 pro
1338 1528 1397 1578 se·

91 1619 197 1692 cundo
223 1616 366 1692 didisse.⁸
396 1618 441 1693 ad
467 1617 518 1694 III
545 1616 732 1720 Nepotice
768 1628 957 1719 qnatenus
997 1643 1133 1694 onrarn
1169 1624 1397 1694 animorum

90 1757 153 1806 non
180 1733 352 1818 babeant,
377 1733 496 1834 firmo
522 1757 672 1835 sewmper
695 1734 956 1836 prohibitione
992 1732 1206 1837 recqoiendi
1239 1735 1394 1810 eleemo-

91 1873 212 1946 synam
231 1873 308 1954 pro
334 1848 500 1923 secundo
515 1848 652 1925 Missa.

155 1961 341 2038 Eiusmodi
368 1961 632 2039 declarationes
660 1963 973 2040 confirmationem
1001 1965 1210 2041 habuerunt
1251 1963 1291 2042 in
1320 1963 1393 2043 alia

93 2102 187 2152 causa
214 2079 487 2154 Salamoniaco
528 2079 580 2156 22
615 2079 807 2155 Februarii
850 2079 950 2157 1862
977 2081 1017 2156 in
1045 2105 1118 2182 qua
1132 2081 1177 2156 ad
1198 2083 1395 2159 secundum

92 2194 225 2269 dubium
264 2195 523 2294 quaerebatur:
556 2222 574 2266 ‹
614 2195 674 2269 An
714 2195 905 2271 Parochus
955 2195 1162 2272 necessario
1188 2197 1320 2273 debeat
1351 2197 1396 2274 il-

96 2309 190 2384 ›lam
215 2311 406 2386 secundam
424 2309 578 2386 Missam
607 2310 791 2411 applicare
817 2335 883 2411 pro
910 2311 1045 2413 populo
1072 2311 1182 2387 sicuti
1214 2313 1390 2414 primam,
1451 2401 1454 2406 ¹

97 2423 178 2499 ›vel
202 2424 354 2500 liberam
382 2426 542 2502 retineat
583 2424 684 2501 illius
712 2424 996 2528 applicationem
1025 2451 1108 2502 cum
1136 2428 1323 2528 stipendio
1351 2429 1391 2503 in

97 2563 262 2614 erasm»
294 2539 333 2619 S.
356 2539 606 2642 Congregatio
633 2542 836 2642 respondit:
869 2541 1023 2618 Dentur
1049 2543 1318 2618 Resciniiones
1347 2548 1391 2618 in

99 2654 321 2732 Carnerncen.
353 2657 430 2731 diei
453 2655 514 2735 25
542 2657 776 2759 Septembris
797 2657 932 2742 1858,
959 2683 1069 2759 quam
1103 2680 1252 2733 causam
1278 2683 1400 2760 expo-

95 2769 183 2844 sitam
210 2771 321 2847 habes
349 2771 388 2846 in
416 2777 478 2848 cit.
500 2774 574 2847 ool.
597 2770 624 2849 Ι
636 2797 735 2876 pop.
758 2773 801 2848 7.
989 2875 991 2882 γ

161 2887 456 2962 Animadversum
485 2888 611 2987 itaque
631 2892 698 2981 est,
724 2912 807 2964 cum
829 2888 1083 2966 Sacerdotibus
1102 2887 1256 2964 liberum
1276 2889 1326 2964 sit
1345 2916 1401 2965 se·

97 2999 229 3076 cundem
257 3002 409 3077 Missam
429 3002 534 3077 iuxta
552 3005 738 3104 propriam
753 3003 995 3080 intentionem
1015 3002 1214 3104 applicare,
1236 3004 1402 3082 dummo-

97 3113 131 3186 do
154 3116 367 3216 stipendium
395 3140 469 3192 non
496 3117 686 3218 recipiant,
709 3117 825 3194 videri
852 3143 921 3220 pro
952 3117 1122 3194 defuncto
1150 3118 1255 3193 iuxta
1294 3120 1397 3194 Paeti

98 3228 235 3308 lilariani
260 3233 358 3333 leges
385 3233 578 3309 secundam
606 3233 758 3308 Missam
788 3258 893 3334 posse
920 3233 959 3308 in
976 3234 1138 3308 themate
1159 3233 1402 3333 presbyteros

99 3345 269 3444 applicare,
291 3371 404 3449 quum
422 3349 468 3422 ob
494 3347 590 3423 hanc
616 3373 693 3424 rem
721 3348 946 3451 stipendium
972 3372 1047 3424 non
1073 3347 1293 3448 reciperent.

161 3462 223 3538 Sed
248 3487 462 3540 econverso
490 3485 593 3565 posse
621 3464 876 3556 animadverti,
899 3464 1067 3565 quamvis
1095 3462 1134 3538 hi
1165 3463 1324 3540 Parochi
1344 3462 1402 3538 vel

101 3574 303 3677 Presbyteri,
319 3579 426 3668 initio
444 3578 555 3655 libere
570 3581 699 3656 darent
717 3603 849 3655 nomen
864 3579 917 3655 illi
936 3579 1017 3680 piae
1030 3578 1208 3671 societati,
1222 3582 1399 3671 attamen,

101 3695 269 3792 postquam
293 3693 466 3795 adscripti
494 3691 643 3785 luerint,
664 3695 794 3771 liberos
823 3694 979 3796 amplius
1003 3719 1065 3772 eos
1087 3718 1163 3770 non
1188 3719 1267 3769 esse
1292 3695 1338 3769 ab
1364 3694 1404 3768 il·

102 3801 243 3884 liusmodi
269 3809 529 3885 celebratione.
553 3809 674 3896 Quare
710 3808 796 3887 licet
831 3811 1100 3910 eleemosynam
1141 3834 1208 3912 pro
1245 3810 1405 3884 secunda

103 3917 198 3994 llissa
222 3923 464 4000 materialiter
490 3927 527 3999 et
553 3925 690 4000 directe
709 3949 941 4028 nequaquam
959 3925 1205 4028 perciperent,
1228 3923 1403 4024 aequiva-

103 4029 164 4108 lens
188 4041 301 4116 tamen
330 4039 535 4142 temporale
573 4041 825 4142 compendium
867 4043 1045 4118 indirecte
1086 4041 1249 4141 recipere
1288 4064 1335 4114 ex
1362 4063 1403 4114 eo

105 4151 181 4244 qnod
203 4153 268 4230 alio
295 4156 365 4247 die,
389 4179 461 4255 quo
489 4178 571 4230 eam
599 4156 752 4232 Missam
780 4155 963 4233 celebrare
992 4157 1178 4248 deberent,
1204 4153 1308 4230 liberi
1328 4153 1404 4228 sint

106 4264 140 4336 al
163 4270 301 4346 eandem
330 4270 590 4372 applicandam
616 4270 772 4372 proelio
799 4272 908 4348 titulo
927 4297 1009 4348 omn
1037 4271 1282 4371 respondente
1311 4268 1404 4343 clee-
1459 4323 1461 4330 ,

106 4399 245 4476 nospna:
274 4387 372 4486 quod
399 4384 685 4461 emolumentum
712 4410 787 4462 non
815 4388 989 4489 caperent
1009 4385 1039 4462 si
1057 4409 1124 4487 pro
1152 4383 1320 4460 defuncto
1356 4405 1403 4457 ex

107 4487 192 4569 Paeti
217 4497 372 4576 Mariani
399 4499 480 4602 lege
507 4499 689 4577 celebrare
716 4501 941 4579 debuissent.

178 4609 226 4686 dd
262 4617 358 4692 hanc
403 4615 527 4716 itaque
568 4617 855 4693 controversiam
891 4613 1120 4709 solvendam,
1153 4610 1399 4692 necessarium

109 4727 171 4802 elul
193 4727 367 4836 inquirere
394 4733 436 4814 de
463 4733 536 4812 fine
564 4730 670 4842 legis,
716 4757 808 4840 quae
845 4731 1130 4840 prohibitionem
1167 4729 1327 4828 induxit3
1358 4739 1403 4808 ut
