3338 4962
490 277 756 336 utsuouourrrosrs
779 275 972 356 retortae„
1211 324 1215 344 ,
1350 250 1388 330 dl

100 377 197 489 tiques
221 402 378 462 canones
407 384 445 460 et
471 408 599 459 rursus
627 381 751 474 statui,
776 385 818 468 ut
840 381 944 458 iuxta
962 380 1104 458 eosdem
1125 401 1282 456 canones
1301 380 1393 482 Epi-

99 529 206 604 scopus
231 501 374 602 quando
401 498 600 576 necessitas
627 502 665 574 et
690 497 832 574 utilitas
860 498 995 573 urserit
1022 497 1137 598 possit
1154 498 1327 573 devenire
1348 497 1393 572 ad

98 617 261 720 paroeciae
289 615 520 708 divisionem,
552 639 618 691 ceu
645 613 756 691 etiam
784 616 869 716 post
896 612 1150 690 'tridentinum
1176 637 1302 687 ouanes
1330 615 1396 690 dr)-

98 738 165 811 ccnt
192 736 373 824 auctores,
404 737 441 808 et
466 731 602 833 passim
630 729 669 808 S.
687 728 934 832 Congregatio
962 726 1116 806 Consilii
1143 728 1316 804 firmavit.

158 849 250 925 Hinc
276 873 390 950 quum
416 847 690 924 dismembratio
717 847 757 923 in
785 847 863 924 iuro
891 843 1119 922 odiosissima
1149 845 1209 936 sit,
1240 869 1395 945 cumque

97 965 203 1066 erigat
227 963 424 1040 utilitatem
450 964 488 1037 et
514 964 770 1040 necessitatem
797 961 1001 1039 evidentem
1030 985 1112 1062 cap.
1139 960 1161 1034 1
1193 959 1237 1034 cle
1265 959 1394 1035 Rebas

97 1081 202 1156 eccles.
223 1105 303 1156 aare
329 1080 446 1154 aliea.
475 1083 517 1153 ia
544 1079 597 1164 6,
627 1077 743 1155 videri
778 1076 992 1154 reiicieridas
1028 1099 1154 1177 preces
1190 1074 1392 1151 incolarum

98 1191 167 1298 pegi
191 1195 234 1288 B,
257 1197 452 1297 propterea
478 1194 574 1294 quod
600 1193 778 1271 eiusmodi
795 1192 994 1270 necessitas
1013 1194 1078 1267 aut
1095 1190 1235 1266 utilitas
1254 1191 1299 1266 ad
1317 1213 1395 1292 per-

100 1311 255 1412 agendam
282 1309 470 1412 paroecioe
496 1309 853 1386 dismembrationem
880 1332 954 1384 non
983 1307 1108 1382 adesse
1137 1305 1360 1386 viderentur.

162 1427 252 1504 Sane
278 1450 355 1502 non
373 1425 640 1502 necessitatem:
671 1449 718 1501 ex
745 1425 837 1502 actis
856 1422 954 1499 enim
972 1446 1047 1498 non
1066 1425 1232 1498 constare
1252 1446 1296 1498 ea
1313 1445 1394 1498 con-

100 1565 224 1618 currere
250 1545 428 1636 extrema,
452 1565 546 1640 quae
572 1564 698 1617 veram
717 1538 973 1618 necessitatem
993 1537 1236 1614 constituent:
1259 1537 1396 1614 incolas

100 1656 178 1732 euim
203 1660 239 1734 et
268 1657 492 1759 Episcopum
523 1679 686 1733 asserere
724 1659 883 1747 tantum,
906 1655 1093 1757 pagumB
1121 1653 1234 1730 situm
1252 1677 1330 1730 esse
1357 1652 1396 1728 in

99 1773 264 1850 remotiori
290 1777 397 1874 parte
432 1773 478 1848 ab
513 1770 664 1848 ecclesia
694 1771 913 1875 paroeciali:
944 1772 1015 1847 hoc
1050 1775 1173 1846 autem
1208 1793 1282 1845 non
1318 1794 1396 1846 esse

100 1889 172 1963 satis
196 1890 238 1965 ad
264 1887 479 1964 distantiam
506 1886 668 1963 locorum
696 1886 924 1965 iudicandam
952 1912 1045 1988 quae
1071 1885 1241 1984 exigatur
1263 1883 1307 1960 ad
1326 1884 1396 1960 dis-

100 2005 376 2080 menb.·ationem
402 2001 620 2093 iaciendam3
650 2027 769 2104 neque
797 2004 984 2079 ostendere
1007 2001 1088 2076 vias
1108 2025 1187 2077 esse
1205 1999 1396 2101 confrago-

101 2141 148 2190 sas
170 2123 203 2194 et
228 2117 405 2210 difficiles,
436 2117 491 2192 ita
516 2119 560 2192 ut
586 2117 732 2194 nonnisi
751 2142 833 2192 cum
860 2142 993 2219 magno
1022 2114 1247 2212 incommodo
1275 2113 1396 2190 fideles

102 2231 135 2306 ad
157 2231 393 2334 paroecialem
429 2229 617 2308 ecclesiam
645 2234 814 2308 accedere
850 2231 1007 2335 possint.
1039 2231 1143 2318 Quod
1170 2230 1201 2305 si
1227 2253 1392 2330 perrara,

101 2350 132 2419 ut
146 2347 341 2450 Episcopus
360 2347 527 2440 asseruit,
551 2348 759 2450 paroeciani
777 2349 966 2450 proprium
987 2346 1152 2422 viderent
1170 2343 1391 2438 Paroehum‚

101 2461 156 2536 boe
179 2464 253 2542 ideo
281 2460 514 2563 contingere,
546 2464 641 2564 quod
668 2465 706 2540 in
735 2463 967 2539 commodiori
993 2462 1073 2539 loco
1100 2462 1279 2537 haberent
1305 2463 1398 2534 tem-

102 2575 185 2676 plum
208 2583 244 2656 et
269 2579 558 2678 Presbyterum,
592 2581 655 2680 qui
683 2605 808 2657 eorum
836 2578 1090 2681 spiritualibus
1116 2576 1397 2654 necessitatibus

102 2690 288 2770 inserviret:
318 2693 509 2794 ipsumque
536 2692 760 2797 Episcopum
786 2695 941 2795 denique
960 2694 1081 2787 fateri,
1103 2693 1227 2796 plures
1247 2692 1397 2767 circum-

103 2807 237 2883 stantias
270 2830 488 2884 concurrere
518 2834 679 2908 «qaae,
709 2816 746 2886 si
779 2835 857 2886 aaa
894 2810 1108 2886 absolutam
1139 2813 1399 2884 necessitatene

104 2923 331 3009 ostenderent,
361 2933 457 2998 certe
483 2925 689 3024 spirituale
715 2925 855 3001 bonam
873 2928 1091 3026 patefacere
1118 2931 1202 2999 cias
1221 2925 1396 3026 papali»

105 3032 177 3112 haec
200 3045 320 3115 autem
348 3038 461 3114 verba
486 3037 639 3116 innuere
658 3039 802 3141 quidem
823 3037 983 3140 aliquam
1003 3037 1200 3113 utilitatem
1220 3061 1292 3114 non
1312 3059 1399 3113 vero

106 3151 349 3228 necessitatem.
1310 3221 1315 3234 ,

169 3267 288 3368 Neque
317 3291 532 3345 concurrere
559 3295 640 3346 eam
666 3269 862 3348 utilitatem
891 3269 1108 3363 evidentem,
1132 3291 1244 3370 quam
1272 3291 1321 3345 ss.
1340 3273 1404 3346 ca·'

107 3404 199 3458 nones
223 3385 436 3487 requirunt:
466 3386 497 3461 si
523 3387 623 3464 enim
655 3386 815 3487 excipias
852 3386 1063 3462 viciniorem
1099 3383 1258 3462 Parochi
1295 3409 1400 3486 prae-

109 3499 253 3595 sentiam,
275 3500 415 3577 nullam
442 3501 553 3578 aliam
580 3501 775 3578 utilitatem
804 3527 850 3577 ex
877 3501 946 3578 hac
974 3501 1294 3578 dismembrationc
1316 3525 1401 3604 pro·

109 3616 229 3692 venire:
259 3615 354 3694 nihil
381 3616 480 3694 enim
506 3616 641 3694 eisdem
670 3616 800 3693 incolis
826 3617 913 3720 pagi
941 3618 974 3692 B
1001 3617 1040 3694 in
1066 3615 1321 3719 spiritualibus
1343 3617 1399 3692 de-

109 3749 193 3825 esse3
218 3757 405 3835 nunquam
431 3757 511 3811 esse
543 3738 761 3835 conquestos
796 3733 954 3835 aliquem
990 3735 1127 3834 absque
1161 3729 1399 3808 sacramentis

109 3841 299 3944 decessisse,
332 3873 445 3950 quum
472 3849 649 3926 haberent
676 3849 985 3950 Viceparochum,
1015 3847 1142 3950 quiet
1173 3849 1402 3924 sacramenta

111 3958 359 4042 administraret
384 3966 422 4039 et
448 3968 595 4066 praesto
621 3967 717 4041 esset
744 3963 913 4057 infirmis,
945 3964 1093 4064 quique,
1125 3964 1285 4038 testante
1310 3959 1402 4062 Epi-

110 4095 208 4178 veopo,
237 4080 338 4156 omni
365 4103 434 4182 ope
460 4079 639 4157 niteretur
665 4081 711 4156 ad
737 4103 822 4155 eum
849 4078 1022 4181 populum
1056 4078 1257 4155 colendum.
1288 4076 1401 4153 Hisce

111 4271 266 4334 rproridene
283 4279 388 4344 tarnem
403 4277 437 4328 ut
456 4277 616 4342 competens
634 4275 665 4326 ln
685 4291 718 4327 ea
764 4289 912 4341 »persona
931 4273 1059 4326 matricis
1078 4273 1212 4324 ecclesiae
1232 4271 1323 4323 virum
1342 4268 1402 4321 ltlo·

111 4357 206 4413 rhoncr
222 4381 271 4432 pro
289 4367 427 4419 facultate
440 4365 495 4418 loci
507 4362 619 4418 matrici
633 4365 718 4417 ecclc·
765 4383 776 4412 a
793 4380 876 4417 neum
895 4368 1076 4431 praesentare
1096 4361 1315 4422 distulerit,ch
1333 4373 1402 4427 opus

111 4449 180 4500 raiae
196 4459 328 4507 servetur:
344 4451 543 4521 quodquidam
561 4451 623 4504 fleri
636 4465 718 4517 posse
766 4452 865 4503 rillud
880 4452 1004 4504 voluerit
1014 4449 1158 4515 impedire,
1175 4453 1203 4500 tu
1215 4449 1401 4502 nihilominus

111 4536 311 4607 solistumum
329 4539 456 4594 eiusdem
474 4539 570 4594 Villae
590 4537 719 4590 dominus
765 4561 778 4590 u
794 4541 882 4594 iacias
893 4540 968 4592 idem
988 4552 1056 4605 opus
1070 4539 1104 4590 ad
1116 4539 1314 4605 perfectionem
1330 4537 1402 4592 dedu

112 4626 225 4692 'viginti
242 4631 327 4686 Acrae
347 4634 441 4684 terrae
467 4628 623 4694 frugiferae
647 4628 720 4681 velit
768 4631 820 4683 nei
839 4634 868 4681 ct
888 4629 1104 4692 virumbonum,
1133 4627 1338 4694 appellationis
1356 4643 1400 4680 ees

112 4713 162 4768 'td
178 4731 236 4774 aeae
261 4719 422 4776 Sacerdotis
441 4717 624 4773 confortase
652 4733 719 4774 vero
766 4740 778 4767 a
794 4723 874 4772 santo
887 4716 1012 4790 diffugio,
1023 4715 1173 4770 instituere
1188 4731 1242 4770 non
1256 4716 1398 4776 omittam
