3238 4940
616 357 792 416 xntooouo.
1291 341 1353 414 los

57 437 169 546 'circus
189 460 377 544 Nefarium
404 461 555 568 proinde
581 463 651 542 hoo
677 465 819 541 facinus
845 464 886 541 in
912 459 994 540 lesu
1021 457 1161 542 Christi
1189 461 1348 560 nomine,

64 583 146 659 cuius
169 583 248 659 vioe
274 583 463 687 fungimur
488 580 529 656 in
556 580 678 675 terris,
703 585 931 672 execrantes,
953 580 1174 656 auctoritate
1202 581 1356 658 Sancto·

63 723 128 774 rum
151 699 405 800 Apostolorum
432 695 537 773 Petri
578 699 616 773 ct
640 696 753 774 Pauli
782 723 824 774 ao
858 698 998 776 Nostra
1024 695 1114 772 illud
1143 698 1356 775 damnamus

64 839 122 888 una
144 839 222 890 cum
251 814 414 915 quolibet
440 811 625 892 schemate
651 812 744 915 legis
772 838 867 914 quae
910 813 978 889 sibi
1008 816 1226 914 potestatem
1254 837 1357 890 arro-

63 935 111 1030 get
133 931 296 1031 angendi,
321 929 491 1020 vexandi,
513 927 711 1024 minuendi,
736 927 984 1031 supprimendi
1005 929 1213 1029 Religiosas
1238 929 1357 1006 Fami·

62 1042 116 1121 lias
138 1047 277 1123 Romae
304 1045 409 1121 etin
436 1044 701 1145 circumpositis
737 1044 965 1146 provinciis,
1000 1043 1122 1143 ibique
1154 1044 1358 1121 Ecclesiam

62 1161 207 1259 privandi
234 1162 313 1238 suis
339 1161 457 1254 bonis,
481 1184 598 1260 eaque
621 1159 806 1238 addicendi
834 1161 921 1236 fisco
941 1162 1006 1235 aut
1032 1159 1140 1235 aliter
1167 1159 1354 1261 erogandi.

62 1274 186 1351 lrritum
211 1280 407 1380 propterea
433 1276 720 1378 pronunciamus
748 1275 822 1352 iam
859 1300 959 1352 nunc
986 1275 1162 1377 quidquid
1190 1275 1269 1350 fieri
1294 1299 1360 1350 ve·-

63 1389 96 1465 lit
117 1395 237 1468 contra
264 1392 347 1468 iura
372 1394 410 1468 et
434 1391 699 1494 patrimonium
724 1389 933 1484 Ecclesiae3
968 1415 1181 1493 cassamque
1208 1415 1358 1493 prorsus

64 1507 91 1579 et
112 1506 241 1584 nullam
268 1507 495 1584 declaramus
522 1505 724 1606 quamlibet
749 1508 1007 1607 praedatorum
1031 1507 1210 1582 bonorum
1237 1505 1359 1607 acqui-

64 1621 210 1698 sitionem
237 1648 466 1724 quocumque
493 1622 603 1700 titulo
631 1621 791 1719 tactam,
829 1645 983 1724 quorum
1012 1619 1225 1698 alienationi
1258 1623 1362 1725 Apo·

64 1737 170 1813 stolica
195 1739 287 1815 haec
314 1738 425 1816 Sedes
451 1761 653 1838 numquam
679 1736 879 1814 reclamare
906 1736 1074 1813 cessabit.
1098 1738 1276 1814 ductores
1296 1763 1361 1814 au-

64 1856 121 1927 tem
144 1857 179 1929 et
204 1852 366 1930 fautores
400 1853 510 1932 huius
545 1853 638 1956 legis
673 1852 910 1930 meminerint
950 1877 1187 1929 censurarum
1224 1877 1361 1953 poena-

63 1991 192 2070 rumque
218 1968 481 2072 spiritualium,
516 1994 608 2069 quas
635 1969 714 2071 ipso
741 1966 838 2044 lacto
865 1967 1101 2044 incurrendae
1129 1967 1361 2069 Apostolicae

63 2082 332 2162 Constitutiones
359 2084 497 2161 iurium
523 2085 713 2162 Ecclesiae
740 2083 973 2170 invasoribus
1000 2084 1188 2185 infligunt3
1218 2088 1255 2162 et
1281 2085 1362 2161 ani-

66 2223 131 2275 mae
155 2226 255 2293 suae,
280 2200 437 2277 vinculis
463 2199 565 2278 hisce
591 2200 845 2304 spiritualibus
871 2199 1067 2302 obligatae,
1101 2201 1240 2276 miserti
1267 2201 1362 2277 desi·

62 2319 135 2391 nant
158 2317 408 2393 thesaurizare
434 2315 504 2392 sibi
531 2316 625 2392 iram
666 2317 705 2392 in
732 2315 791 2392 die
827 2315 905 2392 irae
932 2317 969 2390 et
996 2315 1231 2393 revelationis
1273 2314 1360 2392 iusti

62 2429 165 2508 iudicii
190 2431 273 2509 Dei.

129 2576 146 2618 ›
165 2548 304 2623 Verum
323 2545 533 2640 acerrimus,
558 2571 629 2646 quo
648 2545 941 2647 perstringimur,
964 2544 1067 2622 dolor
1085 2547 1130 2623 ob
1149 2545 1238 2622 istas
1255 2544 1360 2623 alias-

62 2687 117 2762 que
141 2663 276 2764 passim
293 2660 415 2738 illatas
442 2662 629 2739 Ecclesiae
648 2662 804 2738 iniurias
823 2663 862 2737 in
881 2662 1002 2756 Italia,
1025 2680 1099 2738 non
1125 2663 1254 2739 leviter
1273 2688 1361 2738 exa-

62 2779 210 2856 cerbatur
235 2782 429 2880 praeterea
455 2804 477 2854 a
503 2777 635 2872 saevis,
668 2778 799 2879 quibus
827 2777 949 2854 eadem
985 2779 1227 2854 obnoxiaest
1254 2776 1354 2870 alibi,

62 2895 401 2995 persequutionibus;
431 2895 591 2972 maxime
617 2916 704 2970 vero
732 2894 770 2970 in
798 2919 894 2971 novo
930 2895 1149 2971 Germanico
1185 2893 1354 2995 ImperiO,

63 3010 112 3084 ubi
135 3034 205 3087 non
231 3011 384 3087 occultis
412 3014 557 3089 tantum
584 3009 933 3101 machinationibus,
970 3013 1031 3086 sed
1059 3015 1185 3111 aperta
1217 3034 1362 3111 quoque

63 3125 91 3198 vi
115 3124 162 3200 illi
187 3126 352 3202 funditus
379 3127 644 3203 subvertendae
672 3125 918 3203 adlaboratur.
955 3125 1143 3228 Siquidem
1172 3125 1263 3217 viri,
1297 3123 1360 3224 qui

64 3263 122 3316 non
147 3242 252 3320 modo
278 3267 354 3319 non
380 3241 600 3343 profitentur
626 3241 894 3318 sanctissimam
935 3241 1151 3343 religionem
1179 3244 1356 3331 nostram,

64 3357 111 3430 sed
135 3381 199 3434 nec
225 3356 344 3459 ipsam
371 3359 520 3449 norunt,
552 3359 772 3458 potestatem
800 3356 870 3431 sibi
899 3354 1087 3430 vindicant
1119 3356 1361 3455 praeficiendi

63 3469 213 3571 dogmata
229 3475 268 3550 et
296 3471 378 3552 iura
396 3471 597 3548 catholicae
624 3472 822 3549 Ecclesiae.
858 3469 908 3544 Et
934 3471 1020 3546 dum
1047 3495 1127 3545 eam
1155 3470 1361 3571 praefracte

63 3583 226 3683 divexant,
249 3589 482 3692 impudenter
517 3611 679 3664 asserere
717 3612 791 3663 non
819 3585 1000 3677 dubitant,
1023 3585 1164 3663 nullum
1191 3585 1245 3661 illi
1273 3611 1295 3660 a
1322 3611 1361 3662 so

64 3698 171 3780 inferri
196 3705 485 3781 detrimentum:
515 3703 589 3780 imo
616 3702 836 3779 calumniam
864 3725 907 3776 ac
946 3702 1152 3777 irrisionem
1189 3702 1361 3777 addentes

64 3813 211 3912 iniuriae,
229 3817 458 3895 saevientem
485 3818 804 3920 persequutionem
833 3815 925 3893 vitio
953 3819 1097 3892 vertere
1130 3840 1204 3891 uon
1230 3841 1362 3894 veren-

64 3931 112 4005 tur
134 3933 407 4026 oatholiooru1n3
430 3932 579 4028 scilicet,
603 3934 699 4034 quod
717 3957 842 4009 eorum
868 3933 1063 4010 Praesules
1082 3936 1120 4007 et
1138 3932 1267 4009 Clerus
1287 3957 1361 4008 una

64 4067 131 4121 cum
154 4048 248 4126 fideli
273 4047 409 4152 populo
441 4049 628 4151 praeferre
667 4051 828 4127 renuant
854 4049 974 4124 civilis
1014 4047 1160 4148 Imperii
1197 4047 1295 4149 leg-es
1322 4055 1361 4124 et

65 4157 179 4256 placita
203 4164 443 4242 sanctissimis
468 4165 540 4242 Dei
567 4167 606 4239 et
622 4162 808 4242 Ecclesiae
833 4163 985 4265 legibus,
1008 4166 1085 4238 eta
1113 4161 1282 4264 religioso
1309 4163 1360 4240 of·

65 4271 132 4352 licio
156 4304 217 4357 suo
244 4279 443 4358 desciscere
470 4277 605 4355 idcirco
641 4281 825 4356 recusent.
860 4279 1017 4358 Utinam
1044 4275 1270 4378 publicarum
1306 4303 1360 4353 re·

66 4411 133 4466 run
156 4397 398 4473 moderatores
426 4395 599 4471 diuturna
626 4393 722 4470 docti
748 4392 975 4494 experientia
1001 4393 1072 4468 sibi
1098 4393 1246 4468 tandem
1275 4418 1360 4469 sna-

23 4489 30 4506 ’
66 4503 171 4600 leant,
191 4535 237 4590 ex
263 4533 391 4589 eornm
418 4509 571 4588 subditis
605 4508 789 4584 neminem
822 4506 1028 4583 accuratius
1069 4503 1256 4581 catholicis
1282 4507 1358 4582 red-

67 4618 135 4697 dere
159 4625 306 4705 Caesari
331 4649 427 4730 quae
455 4627 542 4703 sunt
566 4623 755 4718 Caesaris,
792 4622 875 4699 ideo
901 4621 1119 4723 praesertim
1151 4619 1247 4724 quod
1272 4620 1359 4702 reli-

67 4735 152 4836 giose
175 4744 321 4866 reddere
348 4743 519 4826 studeant
545 4764 639 4846 quae
665 4743 752 4820 sunt
777 4736 847 4819 Dei
873 4736 968 4822 Dec.
