3338 4962
282 324 323 398 66
841 343 1028 396 urrurrorm.

360 499 420 578 Ex
448 522 575 587 oureus
603 487 788 579 couniens}

360 682 390 760 Ι.
420 678 710 773 Matrimonium,
743 678 895 754 servatis
922 677 1051 755 ceteris
1078 678 1120 754 de
1150 677 1229 754 iure
1258 675 1460 770 servandis
1489 677 1530 756 in
1570 708 1602 758 a·

281 798 394 879 cluali
420 798 608 874 contractu
635 793 846 890 consistere,
874 795 977 871 cuius
1004 795 1162 872 essentia
1188 799 1246 871 est
1272 793 1365 871 liber
1388 819 1598 873 consensus

359 915 406 992 ΙΙ.
436 911 626 989 Eiusmodi
652 935 867 990 consensum
894 915 1061 988 mutuum
1093 935 1171 987 esse
1208 911 1337 986 debere
1373 909 1470 987 inter
1497 937 1603 1013 spon·

282 1057 363 1110 sum
390 1033 428 1108 et
453 1053 624 1132 sponsam
651 1030 760 1130 atque
779 1053 989 1130 expressum
1008 1027 1086 1104 sive
1103 1025 1223 1102 verbis
1242 1025 1320 1103 sive
1340 1027 1457 1128 signis
1476 1030 1603 1130 aequi-

280 1145 501 1238 valentibus,
532 1169 625 1246 quae
653 1147 879 1219 contractum
906 1141 1114 1244 exprimant
1139 1146 1177 1219 et
1209 1141 1450 1235 constituant.

361 1264 423 1340 ΙΙΙ.
460 1261 582 1348 Quare
611 1259 642 1334 si
679 1282 833 1359 sponsus
860 1257 900 1333 in
939 1240 1022 1333 actu
1059 1255 1298 1332 contrahendi
1325 1258 1601 1335 matrimonium

282 1379 444 1458 affirmet
469 1380 506 1452 et
533 1398 668 1478 sponsa
701 1376 823 1449 taceat
849 1371 1062 1473 nullumque
1089 1371 1148 1448 det
1167 1370 1312 1472 signum
1331 1376 1480 1449 mutuae
1500 1371 1601 1449 affir-

280 1495 453 1574 mationis
479 1494 531 1570 ita
566 1493 608 1570 ut
639 1514 739 1566 mere
769 1487 914 1591 passive
950 1515 988 1564 se
1027 1488 1174 1582 habeat,
1206 1486 1483 1566 matrimonium
1524 1515 1603 1566 non

283 1611 425 1690 censeri
452 1612 694 1687 contractum:
714 1608 815 1684 deest
840 1605 939 1681 enim
966 1606 1116 1681 mutuus
1144 1605 1255 1705 atque
1285 1627 1479 1705 expressus
1518 1631 1603 1683 con-

283 1751 426 1806 sensus.

361 1844 429 1922 IV.
461 1840 501 1919 Si
529 1843 651 1917 autem
678 1841 898 1916 concurrant
925 1837 1094 1916 adiuncta
1120 1860 1215 1937 quae
1231 1837 1416 1910 tacentem
1443 1853 1596 1913 consen-

283 1958 371 2037 sisse
397 1959 436 2034 in
454 1955 727 2033 matrimonium
747 1954 937 2030 ostendere
964 1951 1117 2052 possint,
1142 1974 1216 2027 non
1234 1947 1340 2024 facile
1360 1949 1439 2025 sive
1457 1950 1499 2026 in
1516 1951 1595 2027 foro

281 2077 443 2166 interno,
459 2072 619 2154 maxime
646 2095 732 2147 vero
758 2070 799 2144 in
826 2067 904 2148 foro
931 2070 1096 2159 externe,
1114 2063 1343 2140 iudicandam
1362 2087 1442 2141 csse
1468 2066 1595 2141 matri-

282 2189 399 2266 monii
425 2187 650 2267 nullitatem.

363 2306 412 2382 V.
443 2302 548 2383 Talia
573 2300 690 2378 videri
717 2325 760 2376 ea
796 2296 1041 2388 adiunctam
1068 2294 1201 2397 quibus
1228 2291 1330 2369 nulla
1360 2291 1601 2371 intervenerit

281 2425 403 2519 viset
428 2424 560 2510 metus,
583 2415 755 2516 nullaque
782 2415 943 2503 coacti03
964 2413 1075 2487 immo
1110 2409 1308 2513 praeiverit
1348 2410 1385 2484 et
1421 2411 1602 2485 concomi-

281 2542 361 2616 tata
386 2537 498 2614 fuerit
524 2534 639 2610 libera
665 2529 900 2608 contrahendi
929 2526 1110 2618 voluntas,
1130 2527 1239 2626 atque
1265 2523 1306 2600 in
1332 2523 1413 2626 ipso
1442 2525 1602 2601 celebra-

281 2655 394 2732 tionis
421 2655 504 2730 actu
531 2649 663 2727 mulier
689 2651 814 2724 tacens
842 2643 1016 2721 annulum
1043 2640 1244 2744 nuptialem
1270 2665 1294 2716 a
1319 2639 1400 2716 viro
1433 2645 1600 2742 prompte

281 2769 494 2870 susceperit.

360 2887 426 2962 Vi.
449 2883 516 2958 His
535 2881 686 2956 enimin
705 2877 896 2970 adiunctis,
920 2875 993 2952 nisi
1012 2876 1165 2966 constet,
1188 2872 1332 2950 iocandi
1358 2872 1481 2950 animo
1509 2872 1598 2948 haec

281 3005 386 3105 gesta
412 3001 536 3093 fuisse,
560 3021 625 3101 pro
653 2995 842 3072 validitate
869 2992 1094 3069 matrimonii
1121 2991 1291 3066 standum
1319 3015 1399 3066 esse
1419 2987 1493 3094 (1).

332 3236 375 3312 (1)
394 3243 427 3293 111
447 3241 569 3292 themate
583 3238 609 3290 ei
622 3235 828 3288 matrimonium
848 3233 918 3283 iudi·
972 3241 1067 3294 ctendi
1086 3244 1152 3293 ente
1172 3243 1263 3294 altare
1282 3245 1335 3294 etc.
1352 3242 1401 3307 qui
1420 3245 1498 3295 ectus
1511 3257 1600 3294 omnes

280 3331 397 3385 candum
410 3330 513 3381 suisset
526 3332 634 3380 tentum
648 3341 682 3377 ex
693 3326 743 3377 hoc
753 3327 916 3389 capitecon·
967 3331 1114 3383 informati
1134 3334 1216 3382 eraut
1234 3345 1266 3382 ορ,
1283 3330 1372 3394 firma,
1390 3345 1471 3395 quam
1484 3333 1601 3384 habebat

281 3435 379 3472 ⁸⁶¹1⁸¹1⁸
400 3435 449 3484 1³1⁰
468 3417 602 3469 militm
628 3415 771 3480 ⁰Pl¹²²²r⁰rr
789 3414 913 3476 Namque
967 3422 1158 3486 persuasione,
1175 3419 1384 3472 matrimonium
1399 3420 1474 3471 illud
1488 3436 1543 3472 uon
1562 3435 1599 3470 es·

281 3510 354 3562 eatis
378 3508 449 3559 mihi
468 3507 582 3558 uidetur
601 3510 738 3569 constare,
758 3504 911 3564 mulierem,
968 3527 997 3562 ΒΘ
1019 3515 1122 3560 rectum
1136 3511 1165 3560 ot
1184 3523 1245 3560 0230
1267 3508 1400 3559 tricarum
1419 3510 1596 3574 complexum,

280 3599 442 3664 ceteroquin
466 3599 619 3661 expertam,
640 3594 771 3645 habuisse
794 3591 915 3643 celebra·
968 3596 1083 3662 ideoque
1110 3611 1170 3648 0330
1199 3595 1293 3648 veluti
1318 3596 1416 3660 iocum,
1438 3598 1486 3662 qni
1506 3611 1598 3662 reapse

280 3691 385 3741 tionem
411 3687 494 3738 huius
518 3684 692 3736 matrimonii
716 3685 858 3746 tamquam
878 3679 915 3728 io·
968 3701 1027 3738 eam
1055 3684 1089 3737 ad
1109 3685 1197 3736 risum
1224 3684 1323 3736 movit,
1344 3685 1383 3734 Eo
1410 3686 1502 3749 magis
1533 3683 1600 3750 quod

279 3793 339 3830 cum
364 3792 398 3828 ex
417 3775 598 3842 persuasione
618 3771 688 3839 quod
708 3787 764 3822 non
783 3773 858 3821 esset
876 3783 916 3818 re·
968 3790 1023 3826 non
1042 3777 1178 3842 appareat
1196 3789 1231 3824 ex
1250 3774 1323 3824 actis
1342 3773 1508 3827 Caietanem
1522 3791 1597 3840 appe

279 3874 321 3919 cte
342 3871 458 3931 gestum:
480 3863 597 3930 ideoque
610 3879 688 3916 suum
702 3863 837 3913 actualem
855 3874 914 3910 con·
968 3864 1059 3916 suisse
1070 3863 1193 3928 aliquem
1201 3864 1368 3929 peculiarem
1377 3866 1596 3916 aestimationem

279 3970 389 4008 sensum
399 3955 528 4006 emittere
536 3951 745 4015 reformidasse,
760 3953 844 4015 atque
855 3963 914 4014 pas·
967 3954 996 4004 in
1016 3955 1080 4003 actu
1093 3951 1248 4016 recipiendi
1268 3969 1284 4004 a
1302 3953 1365 4003 viro
1379 3957 1526 4019 annulum
1540 3969 1595 4004 cum

279 4047 340 4097 sive
360 4059 389 4095 se
407 4043 552 4094 habuisse.
567 4041 697 4106 Reliquit
715 4039 790 4090 enim
809 4039 842 4087 ut
861 4036 914 4087 elii
967 4057 980 4093 ο
1007 4055 1141 4093 converso
1167 4044 1303 4107 appareat
1328 4041 1504 4095 abstinuisse
1523 4060 1538 4094 a
1555 4042 1598 4092 sui

277 4139 371 4188 cetere
389 4133 604 4198 ectetecerent,
626 4128 765 4197 quidquid
785 4131 860 4179 esset
879 4126 912 4179 de
965 4145 1117 4182 consensus
1150 4130 1344 4197 expressione,
1366 4130 1448 4182 cuius
1480 4133 1596 4184 valorem

277 4237 369 4274 eorum
388 4223 493 4287 valore,
510 4221 579 4288 quin
599 4221 662 4286 ipse
681 4219 802 4272 activam
823 4232 914 4269 essen·
966 4218 1092 4285 apprime
1111 4219 1255 4270 noscebat.
1277 4218 1344 4270 (lum
1359 4220 1456 4286 itaque
1476 4221 1518 4272 itu
1543 4233 1597 4284 pes·

276 4311 375 4363 tietem
388 4314 496 4376 portem
509 4310 636 4364 heberet.
651 4309 799 4374 ipsamque
813 4306 912 4357 annuli
965 4311 1026 4360 sive
1053 4323 1082 4359 se
1108 4308 1253 4374 hebuerit,
1270 4309 1402 4361 affirmari
1423 4325 1479 4362 non
1499 4306 1597 4377 poterit

277 4399 465 4464 receptionem
477 4413 532 4450 uon
554 4402 695 4462 tamquam
715 4410 795 4446 suum
822 4398 912 4446 ectum
964 4397 1068 4449 initum
1083 4397 1171 4450 fuisse
1185 4413 1246 4450 eum
1264 4402 1448 4464 contractum,
1465 4401 1514 4465 qui
1527 4395 1596 4449 tenti

276 4487 391 4539 videtur
401 4486 603 4551 considerasse,
614 4484 661 4537 sed
672 4489 810 4549 tamquam
819 4487 910 4534 actum
965 4487 1008 4536 est
1027 4485 1144 4550 valoris,
1166 4489 1198 4536 ut
1216 4484 1334 4538 inducat
1352 4489 1551 4551 gravissimum
1569 4491 1594 4535 et

277 4576 384 4641 sponsi:
400 4573 564 4626 censendum
578 4574 653 4625 enim
666 4571 911 4624 estcousideresee
964 4570 1164 4623 indissolubile
1184 4574 1334 4625 vinculum.

277 4662 414 4716 eiusmodi
427 4661 613 4726 receptionem
634 4661 733 4712 annuli
751 4660 825 4711 sicut
842 4663 911 4710 eete-
1018 4659 1143 4712 Ceterum
1156 4663 1180 4714 sl
1192 4678 1225 4714 ex
1236 4663 1287 4715 boc
1298 4668 1409 4715 tentum
1418 4669 1595 4732 capitecensis

277 4767 322 4806 roe
348 4753 436 4818 aetus,
457 4747 542 4802 eundi
568 4747 602 4802 ad
625 4751 768 4818 templum,
794 4747 911 4816 genufle-
965 4746 1067 4803 tuimet
1086 4749 1244 4822 iudicanda,
1261 4751 1361 4806 fectum
1384 4753 1528 4808 debuisset
1548 4769 1595 4804 ma·
