3238 4940
604 237 812 288 crearemur.
1296 215 1358 285 ilii

124 335 180 418 lll.
202 333 355 427 Quoties
383 333 483 412 enim
509 359 557 412 ex
588 335 787 413 donatione
814 331 873 411 vel
900 334 1062 412 cessione
1089 331 1361 435 iurispatrona-

64 459 110 532 tus
131 456 313 531 avertatur
338 449 400 526 lex
426 449 679 544 fundamenta,
711 439 920 544 Patronos,
952 448 1096 526 etiamsi
1132 448 1360 526 interveniat

64 570 211 673 Episcopi
238 590 448 660 consensus
481 565 622 642 frustm
647 589 771 697 agere.

125 687 184 762 lV.
205 686 250 762 In
275 683 441 760 themate
474 683 599 758 autem
634 681 779 758 omissis
811 677 971 774 ceteris,
1004 703 1099 780 quae
1136 680 1362 758 considerari

65 805 201 904 possent
234 802 422 901 patronos,
456 798 488 872 si
516 797 598 874 iure
624 795 805 898 personali
832 822 873 872 se
900 739 1081 896 expoliari
1107 794 1180 872 fort
1165 799 1201 871 te
1219 802 1284 898 pot
1285 797 1363 872 uis-

66 921 139 1011 sent,
168 941 242 994 non
268 918 394 991 tamen
422 913 461 988 in
488 914 660 989 damnum
689 935 953 1007 successorum,
978 935 1069 1013 qnos
1096 911 1270 990 fundator
1296 937 1364 989 vo·

65 1036 198 1126 caperat,
231 1029 395 1134 potuisse
412 1027 470 1104 ius
489 1027 704 1120 nominandi
722 1023 953 1129 capellanum
970 1027 1146 1108 ecclesiae
1163 1027 1363 1131 paroeciali

65 1149 273 1226 remmciare

126 1267 168 1339 V.
190 1264 321 1364 Neque
346 1261 522 1338 Benedici
506 1264 598 1352 Qum
633 1259 745 1336 semel
773 1261 819 1337 ad
846 1258 1088 1382 capellaniam
1112 1259 1306 1338 nominatu
1282 1284 1357 1355 um,

64 1349 201 1480 pittuisse
227 1405 272 1456 ea
299 1378 451 1480 privari,
483 1377 653 1479 quamvis
681 1363 883 1452 parochus
906 1401 985 1452 esse
1017 1377 1247 1468 cessaverit;
1279 1401 1364 1453 cum

64 1495 240 1598 capellania
266 1519 340 1571 non
366 1497 466 1570 esset
492 1519 538 1569 ex
564 1491 755 1568 voluntate
784 1489 991 1580 fundatoris
1018 1493 1064 1568 ad
1099 1496 1231 1568 nutum
1258 1517 1364 1570 amo-

64 1611 177 1708 rihilis,
208 1612 271 1688 sed
298 1615 475 1712 perpetua
496 1603 579 1721 (l).

65 1835 181 1901 -cpuando
198 1839 331 1900 ageretur
348 1833 383 1886 de
402 1833 549 1886 Beneficiis
567 1832 615 1885 vel
633 1846 676 1882 ca·
728 1829 993 1898 »spiritualizataa
1009 1848 1065 1884 non
1080 1837 1147 1886 eunt
1164 1833 1306 1886 Beneficia
1324 1850 1363 1886 ec-

66 1925 202 1988 ·pellaniis
212 1939 271 1975 cum
281 1921 428 1976 ordinarii
441 1921 611 1974 auctoritate
625 1921 678 1972 ior·
728 1921 915 1972 eclesiastica
934 1937 982 1973 nec
1002 1924 1036 1975 ab
1062 1922 1214 1976 ordinario
1241 1924 1365 1976 conferri

66 2011 154 2062 -aiter
174 2013 275 2070 erectis
301 2013 332 2061 in
358 2011 472 2061 titulum
498 2011 675 2074 collativam,
730 2012 882 2074 oporteant,
898 2009 947 2060 ed
960 2015 1027 2062 eunt
1040 2012 1090 2063 sub
1109 2013 1157 2078 pie
1175 2011 1365 2078 dispositione

65 2105 256 2152 recensentem
275 2100 306 2151 in
333 2097 491 2152 huiusmodi
510 2099 678 2164 capellaniis
729 2097 915 2150 »fundatoris
934 2101 963 2150 et
981 2100 1042 2150 eiua
1061 2100 1211 2152 haeredum
1231 2116 1281 2153 eeu
1307 2117 1366 2154 euc-

65 2189 263 2254 qtriennalibus,
289 2188 393 2240 dictam
421 2173 588 2240 eiectionem
621 2205 676 2241 non
728 2189 959 2252 »caesorumqui
972 2192 1091 2252 possunt
1103 2191 1176 2240 telae
1191 2191 1365 2254 capellanias

64 2275 253 2343 „hahenaim
294 2278 441 2342 magisque
482 2277 675 2331 redolentibus
727 2273 1084 2342 edonaresineEpiscopo,
1096 2277 1198 2344 quibus
1210 2279 1364 2345 voluerint,

64 2365 187 2430 »simplex
213 2368 290 2434 piam
321 2369 446 2430 legatum
473 2366 582 2418 habene
609 2381 678 2418 onae
731 2361 900 2414 ndnmmodo
915 2365 975 2415 sint
988 2363 1084 2417 idonei
1104 2365 1183 2417 iuxta
1202 2366 1365 2433 dispositio·

63 2454 204 2507 »adnexum
222 2457 425 2509 celebrationis
444 2457 677 2521 Misearum;cu1n
729 2465 815 2502 anem
836 2451 1023 2504 fundatorie.n

63 2545 141 2594 stunc
154 2547 263 2610 regulae
277 2545 461 2596 Beneficieles
480 2559 536 2596 non
555 2546 677 2612 intrent,
796 2537 836 2612 (1)
854 2543 924 2593 Puto
946 2543 1020 2594 enim
1049 2544 1171 2607 priorem
1199 2545 1366 2596 nominatio-

62 2632 141 2684 ·adeo
159 2634 364 2686 uthaiusmodi
382 2634 614 2701 capellaniarum,
635 2649 680 2686 ne·
726 2644 789 2682 nem
816 2629 918 2682 iactam
946 2630 1043 2684 lavore
1062 2631 1228 2700 Benedicti,
1251 2635 1362 2700 qnando

61 2719 137 2772 :dnm
155 2724 226 2789 laici,
249 2723 404 2776 sedetiam
422 2723 554 2774 mulieres
581 2726 611 2774 et
635 2721 677 2772 in·
725 2717 949 2784 Parochuecrat,
966 2721 996 2771 in
1013 2736 1063 2773 eno
1083 2723 1180 2774 valore
1200 2725 1368 2788 permansie-

60 2808 167 2862 -ientee
184 2813 241 2865 sint
259 2829 375 2878 capaces
394 2829 427 2864 ex
449 2812 576 2864 deductis
603 2811 680 2878 epod
726 2822 765 2872 ee,
776 2807 981 2860 etsiParochue
992 2811 1228 2864 eeaeoeeeaverlt:
1241 2811 1367 2863 conditio

60 2901 271 2954 sitarciadeer'a.
283 2908 308 2962 15
321 2902 611 2964 deeie.2241)aeozer;
624 2905 676 2953 etc.
726 2896 801 2947 enim
819 2896 959 2962 apposite,
982 2897 1068 2949 donee
1092 2899 1236 2952 Porcellus
1259 2917 1367 2966 perme-

61 2988 156 3040 ·liti11
176 2992 262 3056 speeie
291 2991 456 3043 donationis
484 2994 531 3044 vel
559 2991 679 3042 alterius
726 2991 890 3048 aereaerat
908 2985 1034 3038 conditio
1062 2992 1162 3040 contre
1189 2991 1235 3042 vel
1265 2994 1366 3044 saltem

60 3078 336 3131 vconceeaionieinrie
350 3078 506 3144 deputandi
520 3077 679 3130 huiusmodi
726 3079 839 3142 praeter
858 3077 947 3140 legem
967 3077 1162 3136 fundationis:
1183 3085 1212 3131 ei
1236 3082 1265 3132 in
1293 3091 1367 3148 pote·

60 3167 239 3233 ·capellanoe,
261 3167 332 3234 qnod
353 3183 409 3218 non
428 3168 539 3220 intrent
563 3169 678 3232 regulae
726 3169 800 3218 etate
819 3167 1004 3218 Patronornm
1023 3181 1079 3219 non
1102 3173 1165 3220 erat
1182 3170 1254 3222 hane
1272 3172 1366 3222 condi·

60 3255 455 3323 .-Beneflaialee‚.Garziaparr.
470 3261 517 3308 ie.
531 3262 585 3306 ier.
599 3259 676 3307 102.»
727 3255 831 3306 tionem
846 3271 994 3320 apponere,
1010 3271 1069 3308 cum
1082 3259 1243 3324 capellanie
1256 3275 1290 3311 ex
1305 3262 1366 3324 lege

118 3345 231 3398 Garzias
249 3350 341 3399 autem
361 3349 413 3397 loc.
429 3345 476 3397 eit.
496 3347 538 3396 De
558 3345 675 3409 Benefie.
725 3343 904 3396 fundationis
917 3347 993 3396 esset
1005 3350 1149 3411 perpetua.
1164 3347 1231 3400 (ium
1250 3364 1315 3412 ergo
1335 3367 1369 3402 ee

58 3433 215 3497 eeleapart.
227 3439 239 3486 1
250 3451 272 3485 e.
285 3439 298 3485 1
312 3437 401 3488 raro?
412 3435 480 3486 haec
493 3434 603 3486 scribit:
618 3433 680 3486 «Aa
726 3430 850 3482 conditio
869 3435 944 3484 esset
963 3449 997 3484 ex
1018 3448 1111 3486 errore
1134 3437 1266 3501 apposita
1283 3443 1313 3489 et
1332 3453 1366 3489 ex

60 3521 247 3584 -capellaniae
263 3523 347 3573 etiam
368 3525 517 3588 perpetuae
543 3522 680 3574 fundatae
726 3535 821 3572 errore
835 3526 989 3587 acceptata,
1004 3537 1097 3574 errore
1110 3523 1228 3590 detecto,
1245 3527 1366 3578 nomina·

61 3608 678 3677 ·etordinataeeineaectoritateOrdinarii‚
726 3609 767 3661 tio
796 3611 825 3660 in
856 3626 903 3662 suo
933 3612 1045 3677 integro
1075 3614 1170 3666 valore
1201 3631 1364 3682 permanere

61 3707 145 3758 »qaae
164 3711 220 3748 non
239 3701 302 3750 eunt
329 3699 364 3751 ab
392 3713 423 3752 eo
452 3698 623 3766 adprobetee
652 3702 682 3753 et
729 3699 857 3753 debebat.

155 4735 235 4812 Acie,
252 4733 326 4786 Tem.
344 4736 417 4800 Vll,
428 4735 502 4804 saec.
521 4734 636 4794 LXXV.
