3238 4940
478 895 877 980 ROMANA

655 1054 711 1097 SEU

240 1166 499 1238 ORDINIS
537 1165 1076 1239 CISTERCIENSIUM

71 1365 358 1422 coamRuuTIONIS
385 1361 522 1418 CULTUS
549 1363 597 1416 ΑΒ
625 1364 898 1419 IMMEMORABILI
925 1365 1099 1420 TEMPORE
1127 1366 1320 1421 PRAESTITI

596 1533 695 1576 SERVO
715 1534 767 1577 DEI

379 1665 623 1768 EUGENIO
663 1667 854 1768 PAPAE
891 1670 972 1769 111.

316 1853 488 1904 SANCTO
509 1853 568 1902 AC
589 1853 734 1904 ΒΕΑΤΟ
755 1855 1037 1906 NUNCUPATO

109 2047 157 2123 De
179 2066 290 2120 eausa
316 2040 451 2144 agitur,
473 2039 527 2116 illi
554 2040 678 2129 simili,
701 2065 810 2141 quam
837 2043 1070 2142 exposuimus
1098 2043 1137 2118 in
1169 2045 1243 2120 ool.
1285 2043 1328 2124 V.

45 2186 120 2264 pap.
138 2159 222 2239 426
250 2159 294 2235 de
319 2157 435 2234 Beato
462 2155 615 2234 Urbano
653 2156 757 2256 Papa
797 2157 846 2232 V.
880 2157 1034 2232 Videtur
1074 2182 1132 2233 res
1165 2158 1335 2258 quodam-

50 2277 133 2352 nodo
157 2273 365 2377 singularis,
398 2274 441 2348 ut
458 2271 518 2346 his
544 2270 681 2364 diebus,
714 2272 846 2373 quibus
866 2272 1038 2348 Romana
1066 2273 1178 2350 Sedes
1206 2275 1337 2350 barba-

50 2392 108 2467 riae
119 2392 284 2470 fiuctibus
303 2389 539 2466 vehementer
571 2387 741 2480 iactatur,
765 2391 988 2490 consurgant
1006 2387 1060 2464 illi
1081 2388 1207 2465 Sancti
1236 2390 1337 2466 Pon-

49 2505 152 2600 tifices,
173 2507 236 2608 qui
262 2505 303 2582 in
329 2502 478 2580 latebris
505 2502 737 2603 antiquitatis
755 2503 1014 2604 propemodum
1034 2502 1151 2596 abuti,
1176 2528 1243 2580 sua
1260 2529 1334 2580 me·

49 2623 104 2698 rita
127 2624 163 2699 in
187 2607 306 2698 lucem
331 2618 531 2722 proferant,
554 2619 689 2719 quibus
715 2624 799 2721 post
825 2619 966 2695 obitum
984 2618 1185 2719 apostolica
1208 2643 1336 2695 eorum

48 2736 108 2810 rita
130 2737 195 2812 suit
221 2739 409 2813 coronata:
440 2758 595 2836 quorum
622 2734 834 2810 meritorum
861 2733 1019 2836 vestigia
1046 2734 1092 2808 ad
1119 2758 1186 2810 nos
1220 2759 1336 2834 usque

49 2856 277 2950 pervenerunt,
309 2853 487 2952 quantum
527 2850 619 2925 satis
645 2853 744 2926 esset
769 2851 812 2926 ut
837 2873 964 2926 eorum
991 2850 1166 2925 memoria
1192 2848 1335 2950 plenius

49 2969 252 3062 recoleretur,
271 2970 382 3068 atque
400 2967 498 3042 inter
517 2971 656 3040 eeteros
675 2967 1025 3041 connumerareutur
1057 2987 1147 3066 quos
1164 2965 1337 3042 Romana

50 3079 185 3159 Eadesia
211 3083 308 3160 inter
335 3081 470 3158 Beatos
497 3080 697 3157 Pontifices
724 3083 932 3156 veneratur.

110 3199 224 3277 Oausa
242 3199 411 3299 promota
429 3196 500 3296 fuit
519 3223 541 3272 a
568 3195 746 3272 Praeside
764 3195 935 3273 Generaii
955 3194 1103 3272 Ordinis
1121 3194 1336 3272 Oistereien-

51 3310 136 3388 sium.
156 3313 329 3394 Confecto
356 3337 528 3413 processu
556 3312 699 3388 Romae
726 3310 767 3386 in
792 3309 983 3388 Tribunali
1010 3310 1096 3387 lum
1126 3311 1237 3390 Oard.
1260 3311 1336 3389 Ur-

51 3425 91 3500 tis
114 3429 243 3506 Vioarii
272 3429 378 3504 iuxta
405 3430 601 3504 Decretum
634 3451 760 3503 reeens
787 3426 925 3503 editum
967 3452 990 3502 a
1018 3426 1056 3503 S.
1087 3428 1138 3504 R.
1164 3426 1207 3504 Ο.
1242 3427 1336 3527 quod

51 3539 139 3620 habes
163 3545 201 3621 in
236 3544 316 3620 Vol.
340 3543 365 3622 I
369 3543 404 3622 V
415 3569 513 3646 pap.
537 3541 642 3628 329,
662 3542 843 3618 sententia
870 3543 916 3618 ab
943 3543 1065 3617 eodem
1091 3542 1186 3617 Eme
1222 3541 1337 3622 Urbis

51 3655 170 3738 t'ieario
195 3662 270 3738 lata
296 3664 363 3754 est,
387 3684 471 3761 qua,
495 3657 629 3759 viginti
655 3658 832 3759 expositis
858 3658 1061 3733 sententiae
1080 3657 1239 3748 motivis,
1262 3657 1338 3733 edi-

52 3771 103 3846 xit:
123 3778 342 3878 «publicum
357 3787 391 3850 et
410 3776 705 3850 ecclesiasticam
728 3771 885 3850 Cultum
903 3773 977 3849 Dei
990 3776 1142 3875 farreolo
1160 3775 1337 3878 Euqem'o

54 3885 159 3990 Papae
182 3893 245 3970 HI
266 3891 407 3970 Sancto
435 3917 478 3966 aa
505 3889 625 3966 Beato
652 3900 870 3990 auneaapato
898 3915 923 3964 a
949 3900 1114 3991 tempore
1142 3896 1338 3967 immemo-

54 4003 145 4080 rabili
167 4009 295 4106 faa'sse
318 4012 570 4108 praestitam,
599 4030 760 4106 eamque
799 4029 1013 4105 manoperam
1054 4010 1334 4090 intermissum,

54 4117 148 4195 aritae
164 4122 397 4224 perdurare,
410 4131 615 4224 propterea
643 4130 816 4194 constare
844 4119 889 4194 de
916 4143 1009 4193 casu
1036 4131 1186 4224 eaecepto
1214 4147 1238 4196 a
1263 4122 1338 4198 De·

54 4243 138 4310 creas
166 4239 231 4338 fel.
253 4263 331 4312 rec.
361 4235 507 4315 Urbana·
533 4235 667 4338 Papae
700 4233 869 4311 Octaui.»

110 4347 288 4429 Eiusmodi
314 4351 498 4428 sententia
525 4349 736 4426 confirmari
762 4349 937 4424 debuerat
963 4375 985 4425 a
1012 4348 1052 4426 S.
1083 4353 1134 4428 R.
1157 4351 1200 4429 Ο.
1224 4354 1335 4452 atque

54 4456 116 4538 inde
138 4489 157 4540 a
183 4468 352 4546 Romano
378 4467 572 4546 Pontifiee.
603 4464 725 4553 Quare
752 4465 920 4542 omnibus
948 4466 1040 4542 actis
1073 4467 1118 4542 ad
1153 4467 1192 4546 S.
1216 4469 1265 4545 R.
1288 4467 1332 4544 G.

54 4581 259 4676 ranmissis,
289 4607 401 4660 eausa
426 4583 470 4660 de
496 4606 596 4659 more
621 4580 811 4686 proposita
835 4583 902 4676 est,
938 4581 1236 4686 quemadmodum
1269 4609 1335 4688 per

55 4707 166 4772 summa
191 4699 312 4804 capita
338 4698 469 4775 refero.

219 4833 294 4886 Tem.
314 4833 387 4897 VII,
399 4832 474 4900 fase.
491 4830 609 4886 LXXV.
1228 4832 1245 4888 7
