3258 4944
642 319 798 378 dissentit.
1324 287 1386 371 l83

158 427 217 512 lv.
237 421 361 519 Quare
387 425 534 504 etiamsi
560 451 607 502 ex
634 427 714 527 lege
740 421 966 502 fundationis
994 444 1088 501 onus
1106 415 1315 498 celebrandi
1333 418 1392 496 iu-

95 556 210 632 dicetur
234 550 441 656 personale,
463 573 538 626 non
570 548 653 625 inde
671 549 776 650 sequi
807 547 1062 625 liberationem
1094 542 1300 622 celebrandi
1327 567 1393 644 per

96 679 200 769 alium
220 677 251 752 si
279 699 385 752 casus
413 700 436 750 a
461 673 654 749 fundatore
681 669 794 747 fuerit
820 670 874 746 ita
901 669 1104 772 praevisus.

156 804 199 878 V.
220 803 263 878 ln
275 801 453 891 themate,
477 798 510 874 si
529 821 623 875 onus
641 794 847 873 celebrandi
866 794 956 872 velit
973 793 1070 872 forte
1087 793 1159 872 dici
1177 789 1384 895 personale,

97 951 161 1004 cum
184 929 307 1002 tamen
332 923 372 1001 in
398 922 613 1000 fundatione
638 922 775 998 dietum
802 921 862 1014 sit,
894 921 1050 998 Missam
1077 944 1141 1022 per
1170 918 1285 995 alium
1312 941 1391 994 esse

95 1051 322 1128 celebrandam
353 1051 386 1124 si
416 1047 636 1152 Gapellanus
662 1047 846 1125 celebrare
881 1070 954 1123 non
982 1046 1119 1148 possit,
1151 1043 1248 1121 hanc
1274 1021 1391 1146 legem

95 1174 212 1250 servari
239 1173 382 1248 debere.
1098 1177 1100 1183 '
1184 1175 1187 1178 ’

157 1298 215 1373 Vl.
239 1297 367 1396 Neque
399 1293 639 1396 Capelianum
663 1293 828 1398 potuisse
845 1293 973 1372 iuvare
990 1290 1139 1369 titulum
1157 1287 1395 1393 Oapellaniae

93 1447 151 1520 qno
173 1423 281 1497 ctiam
308 1417 430 1498 fuerat
456 1420 658 1497 ordinatus:
689 1445 772 1497 cum
791 1417 993 1521 capellania
1009 1443 1084 1496 non
1102 1443 1147 1495 ea
1166 1421 1288 1494 mente
1306 1415 1393 1493 fun-

93 1547 163 1624 data
186 1551 278 1624 esset
304 1545 412 1622 utin
438 1543 586 1622 titulum
614 1571 644 1621 s.
667 1543 908 1622 ordinationis
936 1543 1145 1620 inserviret.
1188 1563 1189 1566 ’

156 1671 235 1746 Vll.
257 1669 364 1758 Quod
391 1668 436 1785 si¹
449 1671 584 1746 naturai
611 1671 677 1746 suat
694 1670 733 1744 in
747 1668 896 1748 titulum
923 1693 954 1746 s.
976 1667 1214 1745 ordinationis
1234 1664 1394 1768 capella·

92 1793 144 1867 nia
160 1796 277 1896 posset
294 1788 438 1895 optime
470 1793 674 1888 inservire,
693 1816 768 1871 non
797 1793 882 1871 inde
902 1793 1020 1896 legem
1039 1792 1264 1871 fundationis
1279 1791 1392 1869 everti

92 1915 196 1995 licere.

155 2042 247 2118 Vlll.
272 2043 399 2144 Neque
430 2043 587 2146 denique
612 2041 837 2120 intervenire
870 2027 1063 2119 canonicas
1097 2065 1247 2135 causas,
1282 2038 1393 2132 idest,

91 2169 325 2246 amoenitatem
352 2169 423 2276 vel¹
436 2171 641 2246 evidentem
668 2169 878 2264 utilitatem,
910 2194 976 2246 our
1002 2169 1250 2272 derogandum
1278 2171 1390 2264 esset,

91 2289 283 2390 Apostolicat
310 2294 429 2388 venia,
461 2292 536 2396 legi
564 2293 800 2370 fundationis

91 2516 185 2586 debuit,
202 2522 335 2576 eiusmodi
354 2526 544 2580 extrineeoem
562 2527 710 2580 iuridicam
826 2525 917 2588 Quare
932 2529 1042 2579 veteres
1061 2527 1217 2581 nonnullae
1230 2526 1396 2580 Resolntio-

93 2609 345 2676 interpretationem
364 2614 459 2667 minus
479 2616 628 2669 cohaerere
651 2632 709 2668 cnm
755 2630 804 2666 nes
825 2620 854 2667 et
871 2617 990 2668 Decreta
1005 2616 1140 2682 quaedam
1160 2633 1177 2669 e.
1196 2619 1279 2670 vario.
1299 2622 1394 2670 aneto·

93 2697 202 2760 ipsorum
220 2701 388 2769 intentiouc;
402 2703 467 2756 hinc
479 2703 646 2770 prodierunt
659 2705 711 2756 Re·
758 2702 845 2754 ritate
865 2704 934 2769 late,
951 2719 1022 2770 qnae
1035 2706 1071 2757 ab
1091 2705 1254 2758 auctoribus
1274 2709 1398 2759 referun-

92 2787 234 2840 colntiones
246 2793 400 2844 nonnullae
409 2795 641 2860 contrariae,cnm
653 2800 713 2848 tan·
758 2794 804 2843 tur
824 2807 867 2843 ex.
884 2806 928 2856 gr.
944 2809 961 2845 a
979 2777 1120 2858 Ferraria,
1135 2795 1296 2862 llouecelli,
1313 2812 1397 2861 quae-

92 2871 143 2923 dem
162 2875 337 2930 fundeternm
356 2896 433 2932 mene
447 2886 476 2934 et
487 2883 613 2935 intentio
628 2899 661 2935 ea
674 2885 714 2936 sit
760 2895 812 2945 que
830 2881 948 2934 nimiam
958 2883 1122 2936 libertatem
1137 2885 1274 2937 videntur
1293 2887 1399 2937 tribue·

92 2973 152 3024 quae
177 2979 296 3018 normam
325 2972 436 3021 statuat
463 2971 714 3038 interpretationis
759 2982 788 3019 10
817 2968 1001 3036 capellanis,
1025 2975 1055 3022 ei
1084 2970 1197 3036 quidem
1216 2988 1268 3038 per
1287 2973 1397 3026 modum

92 3051 233 3103 eorumdem
252 3057 462 3110 verborumllt
480 3059 526 3111 hio
545 3063 710 3123 ostermere,
757 3059 892 3125 regulae,
918 3060 1072 3111 obliterate.
1104 3060 1224 3113 dicende
1252 3066 1319 3113 sunt
1347 3079 1398 3115 nec

92 3140 179 3199 quiin
198 3145 357 3206 praesentia
377 3148 457 3209 viget
481 3147 555 3214 apud
574 3148 601 3201 S.
626 3149 656 3201 (t.
680 3149 710 3201 (t.
756 3149 787 3198 in
806 3148 931 3200 validum
943 3151 1099 3216 exemplum
1111 3149 1304 3220 hodieatlduci
1314 3167 1397 3220 poene

92 3229 306 3291 quenadmodum
321 3239 478 3288 constater
494 3239 604 3304 vigenti
615 3240 707 3306 proxi.
757 3235 902 3292 videntur.
