3238 4940
597 269 747 326 lrrxumx
762 273 796 326 li.

66 375 184 440 iesimum
199 377 456 442 sexcentesimum
472 375 623 442 decimum
638 380 671 438 in

66 478 171 552 Templo
193 477 444 537 cisterciensium
469 475 672 536 Altovadenai

66 576 154 634 litare
175 574 272 634 maius
293 574 397 652 ligneo
417 591 508 650 opere
530 573 604 634 miri
625 573 673 632 la-

66 671 131 728 boris
142 671 315 729 extructum
327 669 381 742 sit,
400 669 537 745 duaeque
552 667 673 746 ligneae

66 770 176 834 statuae,
198 762 375 822 ornamenti
397 763 502 840 gratia
515 761 588 821 hinc
603 762 673 820 inde

66 857 211 934 appositae,
223 873 354 932 quarum
367 874 428 916 una
440 857 587 918 Sanctum
599 857 675 916 Ber-

66 951 189 1022 nurdnm,
210 951 314 1010 altera
334 949 507 1026 Eugenium
530 949 673 1009 Tertium

66 1045 153 1116 relert,
168 1045 212 1104 uti
235 1047 325 1122 patet
345 1063 384 1104 ex
405 1042 571 1122 pontificiis
586 1044 675 1103 indu·

66 1139 167 1208 nantis,
188 1155 223 1198 ac
244 1137 363 1197 duabus
387 1136 543 1199 columbis
568 1154 674 1214 super·

65 1233 152 1308 positis
170 1231 263 1291 sicuti
284 1233 366 1290 hunc
385 1231 567 1294 Pontificem
586 1230 675 1290 exhi·

67 1327 122 1387 bere
138 1324 230 1385 moris
251 1327 319 1383 est:

95 1423 166 1479 XlV.
188 1420 273 1486 Quod
306 1421 417 1479 nedum
449 1418 607 1479 Barnabas
639 1419 675 1476 de

66 1511 202 1571 llontaIvo
223 1529 304 1572 anno
326 1510 492 1570 millesimo
517 1513 677 1570 sexcente-

67 1605 126 1662 simo
152 1605 303 1676 seeundo,
326 1606 359 1665 et
390 1604 544 1665 Robertus
574 1606 678 1664 Rusca

67 1717 129 1756 anno
146 1697 311 1758 millesimo
326 1697 552 1758 sexcentesimo
567 1699 677 1757 octavo

67 1791 136 1850 illum
155 1793 283 1852 Beatum
306 1794 431 1866 vocant,
448 1793 483 1850 et
495 1791 679 1868 chrysosto-

68 1903 120 1944 mus
138 1887 308 1963 Henriqnez
330 1904 409 1946 anno
422 1885 590 1945 millesimo
612 1903 679 1944 rex·

67 1982 210 2040 canusimo
244 1979 397 2058 vigesimo
437 1985 548 2056 quarto
582 1980 677 2039 etiam

66 2074 177 2132 eiusdem
189 2073 340 2133 miracula
351 2071 463 2144 refert,
471 2090 578 2131 verum
590 2088 679 2147 prae-

66 2169 339 2240 tereallalendaria,
349 2168 523 2244 rienologia
534 2173 589 2227 aut
597 2169 679 2226 lilar-

66 2263 203 2340 tyrologia
222 2262 348 2322 Ordinis
359 2259 576 2322 cisterciensis
590 2258 679 2319 annis

67 2357 208 2414 millesimo
219 2352 445 2416 sexcentesimo
457 2353 573 2411 decimo
585 2351 680 2428 septi·

66 2466 115 2520 no,
134 2449 293 2510 millesimo
315 2446 539 2507 sexcentesimo
562 2445 678 2522 vigesi-

67 2561 106 2600 mo
133 2561 227 2615 nono,
257 2528 427 2602 ¹millesimo
456 2540 678 2600 sexcentesimo

67 2638 206 2712 trigesimo
227 2635 422 2708 concinnata,
438 2636 475 2694 ad
498 2633 578 2694 diem
593 2638 679 2691 octa-

67 2749 122 2788 vam
142 2732 208 2791 lolii
240 2733 320 2791 banc
349 2732 385 2789 de
410 2729 548 2806 Eugeuio
570 2727 679 2786 Tertio

66 2827 366 2886 riimmemorationem
387 2824 508 2885 faciunt
528 2856 544 2868 ·
561 2826 679 2884 Romae

68 2922 196 2994 repositio
225 2920 316 2980 Beati
337 2918 468 2995 Eugenii
496 2917 598 2976 Tertii
624 2918 680 2975 Pa·

68 3031 151 3086 pne-3
164 3033 238 3091 quae
259 3010 428 3087 Menoiogil
449 3029 502 3070 seu
522 3011 680 3086 Martyro-

68 3107 128 3180 lngii
148 3108 238 3167 verba
252 3125 271 3166 a
284 3105 541 3166 cisterciensibus
555 3122 594 3162 ex
607 3110 680 3163 tunc

68 3203 91 3258 in
111 3204 213 3275 choro,
235 3201 286 3261 vel
320 3200 351 3259 in
385 3199 524 3260 triclinio
551 3199 677 3258 recitari

68 3299 209 3370 quotannis
229 3299 479 3356 consueverunt:

98 3393 158 3450 XV.
173 3393 254 3458 Quod
268 3390 396 3468 expleta
414 3386 594 3448 centenaria
608 3406 681 3448 aera

68 3481 149 3540 adhuc
163 3482 354 3560 frequentius
368 3479 499 3556 Eugenii
512 3479 613 3539 Tertii
630 3499 681 3538 no-

68 3575 206 3644 men,sire
226 3577 258 3634 in
278 3573 464 3649 Menologiis
484 3575 540 3632 aut
560 3576 681 3649 Marty-

68 3667 186 3743 tulugiis,
206 3671 274 3727 sive
296 3669 326 3726 in
348 3667 418 3726 albo
440 3668 623 3726 Sanctorum
646 3685 681 3726 ae

68 3759 210 3820 Raetorum
231 3759 360 3820 Ordinis
388 3759 605 3818 cisterciensis
629 3760 680 3819 vel

69 3851 178 3912 tisanae
210 3853 303 3914 Urbis
337 3850 498 3923 occurrit,
532 3851 679 3910 nimirum

69 3947 147 4016 «quoad
167 3947 320 4007 saeculum
342 3944 490 4004 decimum
514 3945 680 4020 septimum

69 4035 93 4092 in
105 4039 200 4100 codice
214 4042 380 4101 chartaceo
394 4037 600 4097 bibliothecae
612 4039 681 4096 Ses-

70 4132 198 4204 sorianae,
219 4137 252 4193 et
271 4132 302 4191 in
326 4133 505 4208 apographo
520 4133 679 4191 cuiusdam

70 4221 266 4302 liartyrologii
286 4224 503 4284 cisterciensis
524 4225 681 4284 aBolian-

71 4315 151 4376 dianio
169 4319 319 4390 exhibito,
335 4317 456 4394 pariter
477 4318 508 4376 in
524 4319 682 4396 Martyro-

71 4403 137 4482 logio
150 4411 306 4471 Gallicano
317 4413 461 4472 Andreae
475 4411 592 4488 Suassy
607 4411 678 4472 anni

71 4503 204 4564 millesimi
224 4505 440 4565 sexcentesimi
461 4505 617 4583 trigesimi
633 4525 679 4565 se·

73 4595 165 4673 primi,
185 4599 298 4680 :lugeli
325 4598 487 4678 Maurique
519 4599 678 4659 millesimi

1295 251 1357 328 {59

724 379 941 440 sexcentesimi
966 381 1193 463 quadragesimi
1219 388 1357 460 secundi,

725 476 882 535 cabrielis
913 478 1066 537 Bucellini
1098 481 1171 538 anni
1200 479 1359 540 millesimi

725 571 942 631 sexcentesimi
959 563 1210 652 'quinquagesimi
1231 575 1358 652 quinti,

724 665 846 726 claudii
858 664 1019 728 celemont
1034 669 1106 726 anni
1118 669 1278 729 millesimi
1292 687 1361 730 sex·

726 760 888 820 centesimi
902 762 1131 838 septuagesimi,
1144 763 1232 823 Petri
1248 765 1363 824 Cardo·

727 852 765 912 cii
787 852 860 912 anni
882 852 1041 913 millesimi
1067 857 1284 916 sexcentesimi
1313 875 1364 916 se-

726 947 912 1023 ptuagesimi
925 947 1039 1023 quinti,
1051 949 1144 1008 Pauli
1158 949 1272 1008 Tronci
1287 949 1360 1013 anui

726 1039 888 1100 millesimi
916 1043 1131 1103 sexcentesimi
1159 1043 1361 1122 octuagesimi

727 1134 865 1207 secundi,
886 1138 1183 1214 praeterquamquod
1208 1137 1361 1198 chrdi-

728 1229 827 1290 nando
841 1230 998 1306 Ughellio,
1015 1249 1094 1291 anno
1110 1231 1278 1292 millesimo
1294 1251 1365 1292 sex·

728 1322 896 1382 centesimo
923 1323 1152 1400 septuagesimo
1178 1326 1309 1401 septimo
1330 1329 1365 1385 et

728 1417 835 1476 Natali
867 1418 1047 1478 Alexandro
1082 1437 1162 1479 anno
1196 1419 1365 1479 millesimo

729 1513 953 1571 sexcentesimo
995 1512 1204 1590 octuagesimo
1239 1513 1363 1586 tertio,

729 1605 887 1682 Eugenius
909 1606 1036 1665 Tertius
1058 1606 1088 1665 in
1110 1607 1364 1668 cisterciensium

730 1699 914 1758 Sanctorum
948 1702 982 1759 et
1015 1701 1182 1760 Beatorum
1214 1701 1364 1778 Oetalogo

730 1793 837 1852 heberi
859 1810 916 1868 pro
931 1794 1045 1854 Sancto
1065 1794 1204 1854 dicatur.

769 1890 855 1948 XVI.
879 1889 963 1956 Quod
984 1891 1089 1948 eodem
1111 1891 1234 1950 saeculo
1248 1889 1366 1949 decimo

730 1983 863 2061 septimo
884 1984 1017 2060 Eugenii
1038 1985 1141 2045 Tertii
1163 1985 1313 2063 imagines
1333 1987 1364 2045 in

732 2078 924 2138 lllonasterio
958 2079 1119 2138 Ossecensi
1151 2080 1184 2138 in
1219 2080 1367 2140 Bobemia

731 2190 810 2232 anno
831 2171 996 2230 millesimo
1025 2173 1250 2232 sexcentesimo
1278 2173 1368 2248 quin·

731 2265 910 2342 quagesimo
931 2268 964 2324 et
986 2267 1042 2324 sub
1063 2265 1129 2325 eius
1142 2266 1259 2325 saeculi
1275 2267 1365 2325 finem

731 2359 763 2418 in
792 2357 936 2416 coenobio
965 2359 1103 2418 Rauensi
1136 2357 1285 2435 Styriae,
1315 2362 1366 2419 vel

717 2470 814 2524 aere,
837 2452 889 2510 vel
905 2451 1029 2527 pictura
1049 2469 1214 2528 expressae
1235 2451 1365 2526 luerint,

731 2547 910 2606 sanctitatis
924 2545 1099 2621 insignibus
1112 2563 1148 2605 ae
1161 2545 1251 2606 Beati
1266 2546 1368 2622 elogio
1442 2535 1444 2540 ’

732 2640 912 2710 decoratae3
942 2656 976 2697 ac
1004 2639 1060 2698 sub
1087 2639 1222 2698 eiusdem
1251 2639 1367 2698 saeculi

732 2731 824 2789 finem
838 2729 918 2790 aliae
930 2731 1062 2806 Eugenii
1079 2732 1194 2807 effigies
1218 2751 1290 2793 aere
1315 2753 1368 2793 eu·

733 2842 783 2883 sae
805 2824 889 2894 sint,
912 2840 1042 2899 querum
1069 2825 1190 2900 aliquae
1222 2827 1321 2887 adhue
1349 2847 1368 2888 a

732 2919 990 2980 cisterciensibus
1022 2919 1210 2980 blonialibus
1244 2921 1275 2979 in
1305 2924 1368 2985 suls

733 3011 900 3070 breviariis
921 3015 1105 3070 reverenter
1124 3018 1345 3074 asservantur:

772 3105 872 3164 XVlI.
889 3105 975 3170 Quod
990 3105 1112 3164 saeculo
1125 3107 1241 3165 decimo
1256 3111 1368 3169 octavo

733 3199 860 3258 ineunte
881 3199 1011 3276 Eugenii
1034 3199 1136 3259 Tertii
1153 3200 1265 3279 imago,
1276 3203 1367 3262 Beati

736 3295 830 3353 titulo
863 3295 1008 3353 decorata
1028 3293 1114 3352 inter
1135 3295 1212 3354 alias
1233 3295 1369 3354 Sancto-

734 3405 801 3448 rum
825 3406 860 3446 ac
882 3389 1049 3446 Beatorum
1082 3386 1114 3444 in
1140 3387 1285 3446 Sacrario
1305 3391 1368 3448 Ec-

734 3481 845 3541 clesiae
868 3479 1068 3538 Taurinensis
1089 3480 1203 3538 Baetae
1219 3479 1369 3540 blariaee

734 3574 952 3638 consolatione
982 3574 1104 3650 depicta
1132 3573 1196 3646 sit,
1219 3576 1253 3632 et
1280 3579 1369 3634 extet

734 3671 850 3740 adhuc;
873 3686 908 3727 ac
929 3667 1035 3726 eodem
1067 3667 1190 3725 sacculo
1211 3668 1368 3727 mediante

735 3763 836 3822 altera
857 3760 980 3836 depicta
1007 3759 1038 3818 in
1067 3759 1212 3818 coenobio
1232 3761 1369 3820 Sancto-

734 3873 801 3915 rum
814 3854 974 3914 Vinceutii
996 3857 1029 3912 et
1042 3852 1200 3913 Anastasii
1214 3855 1252 3913 ad
1263 3857 1368 3930 Aquas

734 3950 869 4020 Salvias,
885 3948 949 4007 elie
970 3965 1042 4007 aere
1064 3963 1211 4022 expressa
1232 3948 1263 4005 in
1283 3949 1369 4008 litte·

734 4043 779 4103 ris
800 4041 958 4119 gratiosis,
971 4057 1049 4115 quae
1070 4057 1089 4098 a
1109 4038 1369 4099 cisterciensibus

734 4133 863 4194 diriberi
882 4133 1002 4202 solent3
1018 4135 1131 4207 quarta
1155 4132 1286 4208 denique
1311 4133 1367 4192 sub

734 4228 849 4288 saeculi
881 4227 973 4284 finem
995 4226 1026 4283 in
1049 4225 1163 4284 Pisana
1194 4227 1367 4286 cathedrali

734 4321 798 4381 tela
818 4336 981 4396 expressa:

773 4415 887 4474 XVlll.
911 4413 995 4479 Quod
1018 4413 1122 4470 eodem
1145 4413 1268 4472 saeculo
1287 4414 1371 4472 deci-

734 4524 784 4565 mo
805 4510 915 4565 octavo
946 4507 1103 4582 Eugenius
1131 4507 1216 4581 Papa
1243 4507 1369 4564 Tertius

734 4599 781 4659 uti
792 4601 910 4662 Beatus
925 4599 1079 4660 habeatur
1093 4599 1124 4657 in
1140 4599 1368 4678 Martyrologio
