3338 4962
247 285 288 370 li
744 303 829 368 truci
855 305 1068 370 ruuuuosrmu

245 443 292 494 ex
310 417 442 494 soline
460 415 518 494 vis
536 414 793 520 prohibitionis
811 441 998 521 quousque
1016 441 1096 494 sese
1114 417 1349 522 protenderet
1375 407 1566 516 dignosce·

244 541 359 612 retur.
382 535 499 610 Porro
526 533 702 610 eiusmodi
736 533 819 610 finis
846 559 911 612 seu
937 535 1030 611 ratio
1058 533 1151 635 legis
1168 535 1356 636 ponendus
1384 533 1568 608 dicebatur

244 648 284 724 in
312 646 486 750 periculo,
513 672 560 724 ne
592 647 692 750 turpi
725 647 829 726 lucro
869 675 912 726 ac
943 649 1112 752 quaestui
1138 648 1240 726 locus
1268 648 1487 750 aperiretur,
1519 649 1568 722 at·

244 787 315 864 que
342 763 382 840 in
409 762 534 866 populi
561 761 744 840 scandale.

326 877 634 955 Animadversum
662 878 785 979 itaque
813 883 878 974 est,
910 879 1039 981 primis
1075 877 1261 958 Ecclesiae
1297 877 1453 956 saeculis
1494 901 1570 954 non

244 1019 358 1070 unam
386 1019 430 1070 ac
456 995 544 1078 duas
571 995 705 1070 Missas
731 995 844 1072 luisse
872 996 937 1073 uni
977 996 1164 1096 eidemque
1201 994 1388 1073 Sacerdoti
1415 993 1573 1094 permis-

245 1135 306 1184 sas
333 1110 459 1186 eodem
487 1110 544 1186 die
570 1107 753 1186 celebrare
780 1111 845 1186 sed
871 1111 983 1186 etiam
1010 1109 1148 1212 plures.
1177 1109 1369 1186 Eiusmodi
1410 1108 1567 1210 permis-

245 1225 385 1300 sionem
412 1223 524 1300 fuisse
551 1224 746 1300 coercitam
773 1227 815 1300 ut
849 1233 1078 1302 amoveretur
1105 1224 1307 1327 periculum
1334 1221 1469 1300 sordidi
1513 1220 1571 1296 lu·

245 1340 297 1416 eri
325 1344 363 1415 et
390 1343 576 1440 quaestus:
598 1341 693 1416 unde
721 1365 767 1416 ex
795 1366 881 1414 cuo.
911 1341 1074 1440 Sufficit,
1104 1341 1148 1414 dc
1193 1338 1369 1415 Consecr.
1401 1337 1487 1412 dist.
1529 1336 1567 1415 l.

246 1453 452 1530 Alexander
468 1453 512 1528 ll.
534 1452 678 1528 saeculo
705 1453 895 1530 undecimo
922 1453 975 1528 sic
992 1453 1128 1554 legitur
1144 1453 1389 1555 respondisse:
1415 1479 1432 1521 ‹
1457 1449 1572 1526 Suffi-

249 1600 267 1642 ›
289 1570 339 1644 cit
358 1566 545 1646 Sacerdoti
573 1593 684 1645 unam
711 1570 864 1646 Missam
883 1567 921 1644 in
940 1569 999 1644 die
1019 1593 1093 1644 una
1111 1569 1311 1661 celebrare;
1345 1568 1433 1668 quia
1459 1563 1570 1642 Chri-

250 1702 370 1760 ›stus
396 1682 508 1760 semel
534 1708 664 1785 passus
691 1688 747 1758 est
774 1687 810 1760 et
837 1688 955 1762 totum
981 1686 1157 1762 mundum
1184 1683 1350 1762 redemit.
1382 1683 1466 1758 Non
1491 1705 1573 1756 mo-

250 1799 457 1877 »dicares
484 1803 677 1876 estunam
714 1801 865 1878 Missam
894 1799 1027 1893 facere,
1058 1805 1095 1878 et
1128 1801 1234 1880 valde
1275 1800 1365 1878 felix
1400 1803 1469 1894 est,
1506 1799 1571 1900 qui

250 1942 402 1992 »uuam
429 1915 537 2016 digne
572 1913 753 1992 celebrare
780 1920 912 2016 potest.
944 1916 1100 2004 Quidam
1128 1920 1253 1994 tamen
1281 1939 1348 2018 pro
1389 1914 1573 1991 defunctis

250 2056 402 2108 »unam
428 2030 571 2106 faciunt
597 2035 634 2104 et
661 2029 813 2113 alteram
835 2032 884 2106 de
910 2031 968 2108 die
994 2032 1026 2108 si
1054 2056 1200 2108 necesse
1226 2031 1351 2107 fuerit.
1379 2016 1455 2114 Orci
1480 2055 1572 2104 cero

251 2173 359 2250 »pro
379 2151 556 2248 pecuniis
584 2157 652 2222 aut
679 2146 968 2223 crlulctz'cm'bus
996 2147 1104 2252 (alias
1132 2144 1393 2248 oblationibus)
1421 2145 1574 2218 secula·
1619 2165 1622 2170 ·

251 2293 269 2337 s
291 2270 399 2338 rium
417 2286 499 2337 cao
516 2262 576 2338 die
587 2275 847 2364 praesumam
858 2265 997 2365 plures
1007 2263 1396 2366 faccrcMissa8,norc
1410 2266 1573 2336 aestimo

250 2381 448 2455 »euadere
475 2379 803 2455 damnationem.»

327 2500 387 2576 Ex
402 2524 474 2600 quo
489 2523 539 2574 ss.
554 2521 736 2574 canonum
754 2499 974 2600 interpretes
992 2503 1030 2575 et
1043 2499 1181 2577 Beued.
1194 2499 1284 2577 XIV
1297 2499 1337 2574 in
1351 2497 1479 2575 Const.
1493 2496 1576 2574 De·

248 2616 408 2691 adorasti
435 2615 558 2699 roobia
582 2615 626 2712 ἓ.
657 2625 809 2714 eccepto
837 2618 873 2690 et
899 2611 1009 2690 Oard.
1040 2613 1172 2690 Zelada
1208 2614 1235 2690 l.
1258 2641 1289 2690 c.
1313 2615 1353 2710 ἓ.
1384 2609 1421 2704 6,
1454 2609 1493 2704 7,
1528 2613 1568 2704 S,

247 2730 394 2821 inferre,
428 2753 553 2804 veram
579 2728 773 2823 rationem,
806 2753 871 2804 our
898 2729 1156 2806 Sacerdotibus
1182 2728 1369 2830 prohibita
1397 2728 1448 2803 sit
1477 2729 1576 2803 Mis-

247 2871 310 2922 sae
337 2847 497 2937 iteratio,
529 2868 623 2940 esse,
654 2850 696 2921 ut
723 2845 860 2922 sordidi
873 2844 966 2924 lucri
992 2849 1031 2923 et
1048 2849 1224 2948 quaestus
1242 2842 1443 2946 periculum
1463 2831 1575 2920 auer-

247 2965 400 3039 teretur.

327 3077 422 3157 (lum
449 3077 573 3179 itaque
599 3077 690 3154 haec
717 3078 766 3154 sit
792 3077 887 3156 ratio
913 3080 1173 3183 prohibitionis
1200 3077 1407 3156 iterationis
1430 3066 1575 3154 Missae'

248 3193 354 3268 iuxta
381 3219 430 3269 ss.
462 3217 630 3284 canones,
661 3193 886 3272 inserebatur
913 3197 1067 3273 ulterius
1093 3197 1190 3274 hanc
1216 3218 1361 3296 quoque
1401 3217 1482 3269 esse
1512 3219 1576 3269 ra·

247 3311 398 3402 tionem,
431 3311 574 3412 quoties
600 3312 844 3412 permittenda
871 3314 922 3389 sit
953 3314 1131 3391 secundae
1172 3313 1311 3391 Missae
1353 3309 1568 3404 celebratio,

248 3429 290 3502 ut
316 3425 567 3528 eleemosynae
593 3427 777 3528 perceptio
804 3428 968 3506 districte
994 3429 1263 3531 prohiberetur.

327 3543 382 3620 De
407 3543 479 3620 hac
504 3547 628 3619 tamen
654 3542 915 3644 prohibitionis
955 3546 1099 3622 ratione
1139 3545 1180 3621 in
1218 3541 1460 3650 relationibus
1504 3567 1573 3618 seu

248 3656 375 3754 Foliis,
408 3662 450 3736 ut
475 3659 640 3753 audiunt,
673 3683 866 3738 causarum
893 3685 987 3761 quae
1013 3661 1197 3740 recentius
1223 3661 1449 3762 disceptatae
1478 3661 1571 3733 sunt

248 3801 358 3879 super
385 3776 521 3854 Missae
549 3774 745 3854 iteratione
772 3775 913 3853 nullum
939 3777 1091 3854 verbum
1105 3775 1349 3881 reperiri(l);
1370 3775 1485 3851 immo
1504 3797 1575 3848 ne-

248 3915 320 3992 que
345 3892 585 3970 Benedictum
603 3891 704 3971 ¹XIV
730 3892 770 3968 iu
797 3893 925 3971 Const.
957 3892 1188 3978 Desierant,
1204 3892 1248 3969 de
1263 3890 1471 3969 huiusmodi
1485 3913 1575 3990 pro-

248 4007 429 4086 hibitione
454 4007 686 4113 recipiendae
713 4007 967 4111 eleemosynae
994 4008 1133 4110 aliquid
1159 4005 1326 4085 innuisse
1353 4005 1412 4083 vel
1438 4005 1575 4081 memi-

247 4124 361 4200 nisse.
391 4127 447 4203 De
472 4125 543 4202 hac
568 4129 693 4202 tamen
720 4123 882 4202 locutum
908 4151 989 4202 esse
1016 4123 1055 4203 iu
1084 4123 1359 4204 Constitutione
1385 4146 1482 4224 quae
1512 4123 1574 4202 in·

300 4279 341 4357 (1)
359 4286 417 4339 Hoc
429 4289 521 4338 temen
535 4287 634 4338 mirum
648 4301 709 4338 esse
723 4301 778 4338 uon
790 4285 881 4351 debet,
929 4301 993 4338 raro
1005 4285 1101 4352 prodit
1110 4285 1258 4338 Resolutlo
1270 4299 1341 4352 quac
1351 4283 1490 4336 inuititur
1500 4285 1573 4338 aliis

247 4387 330 4439 quum
354 4375 386 4425 in
413 4375 504 4426 robiis
523 4391 594 4442 quse
613 4375 641 4427 S.
662 4375 880 4440 congregationi
930 4375 1091 4428 rationibus
1105 4378 1134 4427 st
1148 4375 1274 4443 motivis,
1290 4391 1359 4442 quse
1373 4375 1403 4426 lu
1418 4374 1505 4427 dictis
1519 4377 1574 4429 Fo-

247 4467 440 4528 proponuutur
464 4479 500 4514 cx
522 4464 609 4516 officio
628 4466 807 4517 concinnatis
827 4481 882 4516 non
934 4463 985 4516 liis
1011 4480 1066 4517 nou
1092 4465 1271 4518 considerata
1294 4465 1456 4518 suntuna
1475 4471 1573 4520 sutem

247 4547 881 4620 8smperrationescontinenturpropterquau
926 4552 1072 4606 decidendi
1091 4554 1217 4606 rationes
1237 4553 1265 4606 S.
1287 4553 1476 4617 congregatio
1496 4553 1570 4606 darc

246 4639 463 4704 §.congregatio
476 4641 641 4695 itaiudiret·
656 4659 880 4710 namquecausue
925 4657 980 4695 non
1006 4644 1089 4695 solet.
1112 4639 1155 4698 Ol.
1180 4657 1249 4714 quac
1277 4641 1379 4711 scripsi
1409 4643 1440 4694 in
1468 4645 1527 4696 vol.
1554 4645 1576 4698 Ι

246 4747 263 4792 ι
280 4733 309 4792 S.
324 4730 547 4806 congregatione
560 4730 765 4804 disceptantur,
781 4739 809 4788 et
824 4749 878 4788 uon
918 4749 988 4804 pay.
1004 4737 1064 4788 192.
