3338 4962
220 256 222 262 ’
268 259 311 334 Sl
796 261 1025 337 'consummo

268 385 335 476 tia,
355 379 552 484 modusque
568 379 805 484 praefiniatur
821 383 859 460 in
874 409 941 460 usu
957 381 1154 482 eorundem
1172 379 1453 486 privilegiorum
1467 381 1585 463 omni*

269 525 317 577 00
343 499 555 586 servandus,
579 499 797 599 peculiarem
825 491 1082 574 nonnullorum
1111 498 1386 576 Venerabilium
1412 499 1584 575 Fratrum

272 617 488 691 Nostrorum
500 614 656 692 Sanctae
670 615 863 692 Romanae
878 613 1065 690 Ecclesiae
1084 613 1334 692 Oardinalium
1349 616 1463 691 sacris
1481 619 1585 692 tuen·

270 732 326 807 dis
343 728 490 808 Ritibus
509 729 795 830 praepositorum
816 753 897 804 cum
917 727 1099 828 aliquibus
1116 729 1308 806 Romanae
1322 730 1585 808 00110οΡ000-

270 846 377 938 latis,
406 843 737 944 Congregationem
766 843 1007 944 deputandam
1036 843 1225 936 duximus,
1250 845 1306 920 cui
1335 870 1411 920 rem
1439 845 1585 922 univer-

272 987 350 1038 sam
381 959 646 1035 diseutiendam
679 959 948 1034 commisimus,
989 958 1093 1046 Quae
1130 960 1277 1060 quidem
1312 961 1579 1063 Congregatio,

270 1077 409 1154 cunctis
437 1079 605 1152 accurate
634 1075 899 1176 diligenterque
926 1075 1127 1175 perpensio,
1152 1077 1190 1151 in
1219 1077 1410 1154 Conventu
1429 1079 1502 1154 'sub
1526 1079 1582 1153 die

179 1237 182 1244 ·
270 1192 405 1270 XVlll.
427 1189 567 1266 Mensis
587 1190 725 1292 Aprilis
752 1191 918 1290 proxime
936 1190 1129 1289 praeteriti
1148 1191 1286 1284 habito,
1310 1193 1495 1291 negotium
1514 1194 1582 1267 sibi

270 1307 533 1386 demandatum·
551 1306 596 1380 ad
623 1306 763 1381 exitum
791 1303 961 1405 perduxit
988 1307 1098 1406 atque
1131 1307 1221 1382 haec
1257 1331 1350 1406 quae
1386 1313 1583 1407 sequuntur

271 1420 496 1500 decernenda
522 1421 677 1496 censuit.

348 1538 378 1614 1.
399 1535 649 1613 Protonotarii
670 1531 870 1635 apostolici
886 1534 1077 1608 adinstar
1092 1535 1426 1635 Portz'apcatiam
1445 1561 1466 1611 a
1484 1536 1582 1614 Sum-

269 1677 331 1728 mo
358 1650 538 1728 Pontifioe
565 1651 609 1726 ad
636 1649 735 1725 huno
753 1649 928 1726 honorem
954 1649 1090 1740 evecti,
1115 1651 1212 1725 inter
1238 1649 1428 1726 Praelatos
1454 1651 1582 1726 Dome-

271 1767 381 1843 sticos
410 1788 453 1840 00
480 1765 557 1866 ipso
585 1769 836 1840 accensentur.
1335 1860 1339 1869 Υ

350 1881 397 1957 ll.
420 1879 522 1955 Licet
550 1880 622 1955 illis
651 1879 776 1954 l'rabitu
808 1879 1021 1956 Praelatitio
1050 1881 1119 1971 u'ti,
1143 1881 1338 1956 nimirum:
1362 1885 1462 1956 veste
1481 1873 1580 1960 talari

273 1997 444 2086 caudata,
477 1992 591 2069 fascia
624 1996 662 2069 et
692 1992 838 2094 palliolo
872 2019 936 2069 seu
983 1993 1210 2070 mantelletto
1257 1995 1410 2071 violacei
1456 1997 1581 2072 eoloris

273 2135 356 2212 cum
384 2111 510 2185 collari
537 2113 574 2185 et
600 2109 726 2210 caligis
761 2110 849 2184 item
885 2109 1057 2186 violaceis
1088 2111 1307 2205 aobirret0,
1337 2112 1433 2211 quod
1465 2115 1581 2187 tamen

273 2217 422 2303 omnino
450 2225 596 2327 nigrum
625 2225 872 2300 0000110101.-

351 2341 414 2418 lll.
436 2341 544 2416 Hunc
571 2341 735 2416 habitum
765 2340 1023 2436 Ι1310010111οιῑο
1053 2367 1134 2418 cum
1164 2343 1346 2420 Roohetto
1367 2343 1495 2419 subtus
1514 2342 1582 2443 pal-

272 2455 398 2533 liolum
428 2455 598 2532 adhibere
626 2461 797 2556 poterunt
825 2456 863 2530 in
892 2457 1048 2558 publicis
1076 2456 1408 2558 supplicationibus
1435 2459 1582 2556 aliisque

273 2571 387 2648 sacris
415 2569 680 2662 functionibus;
702 2570 739 2645 in
767 2569 920 2670 reliquis
948 2595 1033 2646 vero
1063 2570 1288 2648 ltochettum
1315 2568 1582 2664 0101010000-

265 2687 421 2786 mulque
449 2687 567 2761 sciant
594 2710 792 2786 numquam
820 2685 890 2760 sibi
922 2685 1044 2774 licere,
1070 2692 1324 2788 praeterquam
1359 2686 1398 2762 10
1431 2687 1579 2764 celebra·

174 2789 176 2794 ’
274 2802 373 2876 11000
400 2801 535 2876 blissaa
563 2801 792 2880 Pontifioalis
819 2801 973 2877 Crucem
1001 2801 1220 2904 pectoralem
1248 2807 1286 2878 et
1315 2802 1500 2878 Annulum
1525 2803 1581 2876 de-

276 2916 384 2992 ferre.

354 3035 421 3110 lv,
444 3031 581 3110 Habitu
609 3033 752 3133 privato
772 3033 1033 3126 incedentibus,
1059 3033 1115 3108 fas
1145 3035 1216 3110 erit
1249 3033 1375 3109 iisdem
1410 3035 1582 3120 Protono-

275 3148 394 3240 tariiS,
419 3151 559 3223 retento
589 3171 657 3223 usu
685 3146 829 3223 collaris
848 3146 1109 3248 etcaligarum
1129 3147 1281 3224 violacei
1299 3147 1445 3239 coloris,
1468 3147 1580 3222 indue·

276 3289 315 3338 re
350 3268 486 3338 vestem
519 3261 671 3337 talarem
707 3263 855 3362 ,nigram
890 3262 1045 3340 fimbriis
1078 3262 1305 3364 globulisque
1340 3263 1498 3339 rosaceis
1528 3285 1579 3336 or·

275 3385 411 3472 natam,
437 3378 721 3479 circumcingere
749 3377 849 3453 illam
878 3381 922 3456 ad
953 3379 1093 3456 lumbos
1119 3405 1236 3482 parva
1267 3377 1382 3454 fascia
1413 3377 1574 3466 violacea,

275 3495 427 3596 pallium
454 3494 544 3568 item
571 3493 773 3570 violaceum
802 3495 1098 3596 superimponere
1125 3521 1168 3572 ac
1195 3494 1289 3596 pileo
1316 3496 1423 3596 nigro
1459 3494 1578 3570 vittam

276 3635 340 3686 seu
368 3610 576 3686 chordulam
605 3611 756 3686 sericam
775 3611 876 3688 rubri
895 3610 1037 3706 coloris,
1061 3635 1150 3686 auro
1168 3613 1292 3686 tamen
1318 3635 1394 3687 non
1418 3610 1578 3686 intertex-

276 3739 366 3816 tam,
390 3724 601 3826 adiungere.
711 3725 715 3734 '

357 3843 404 3916 V.
428 3841 565 3916 Habitu
585 3841 802 3917 Praelatitio
820 3841 953 3933 induti,
980 3865 1229 3942 quoscumque
1250 3839 1411 3920 Clericos
1434 3839 1578 3936 Presby-

276 3962 387 4048 teros,
412 3955 616 4032 Canonicos
644 3956 858 4059 singillatim
887 3960 1052 4056 sumptos
1079 3982 1147 4032 000
1174 3983 1249 4032 000
1268 3955 1460 4032 Praelatos
1485 3977 1578 4052 supe

277 4072 393 4148 riores
425 4069 600 4147 Ordinum
627 4072 881 4174 Regularium,
906 4072 1037 4172 quibus
1065 4069 1337 4149 Pontificalium
1359 4067 1577 4174 privilegium

277 4213 352 4264 non
375 4190 568 4288 competat,
593 4188 828 4288 praecedunt3
849 4185 999 4263 minime
1018 4211 1105 4264 vero
1124 4188 1293 4266 Vicarios
1314 4183 1511 4264 Generales
1526 4174 1578 4255 vel

278 4301 520 4405 Capitulares,
553 4302 756 4378 Canoniccs
784 4300 1022 4404 collegialiter
1049 4303 1171 4380 unitos
1200 4308 1238 4378 01
1265 4303 1441 4378 Abbates.

358 4419 424 4494 Vl.
448 4417 487 4495 Si
518 4416 557 4492 10
585 4416 712 4494 habitu
740 4416 957 4496 Praelatitio
984 4419 1097 4494 sacris
1124 4418 1372 4494 functionibus
1392 4413 1572 4503 assistant,

278 4561 352 4614 non
388 4537 634 4639 genuflectant
670 4537 871 4639 sedoaput
897 4537 1007 4616 Cruci
1037 4535 1224 4627 inclinent,
1259 4538 1313 4613 uti
1342 4538 1420 4612 fieri
1450 4534 1575 4610 soleta

279 4649 1033 4743 000001οἰ0110010010οι00011000011010,
1057 4650 1188 4752 duplici
1204 4654 1314 4728 ductu
1331 4651 1575 4728 thurificentur

251 4855 252 4858 Ἴ
288 4785 326 4844 ct
354 4765 562 4842 consideant
593 4767 694 4842 iuxta
722 4767 882 4842 ordinem
910 4791 1027 4865 nuper
1054 4766 1268 4848 indicatum.

25 4837 57 4907 1,,
