3258 4944
534 381 637 432 mssls
659 377 863 430 rinocunus.
1309 351 1367 428 lul

86 487 240 567 statuitur:
264 513 281 559 c
311 485 356 566 m
382 483 599 561 Dominicis
625 480 685 556 oei
707 483 859 579 festivis
886 477 1018 556 diebos
1038 478 1281 581 Presbyteri,
1302 503 1374 552 ari-

86 619 207 708 lepuam
232 603 395 680 Missam
414 597 613 683 celebrent,
626 595 777 698 plebem
794 603 1048 698 intermeant,
1069 601 1107 670 si
1123 597 1287 672 atterius
1298 618 1374 695 pa-

85 728 251 796 roecianus
276 723 322 792 io
348 717 504 792 ecclesia
531 719 596 798 sit,
617 717 686 814 qui
703 716 868 813 proprio
902 720 1109 813 comtempto
1142 711 1375 811 Presbytero

86 836 127 910 ibi
146 836 222 910 celii
247 831 415 909 Missam
442 829 596 906 andire:
617 851 730 930 quem
756 831 794 902 si
820 831 1051 911 invenerim,
1082 831 1215 903 statim
1243 825 1289 902 ab
1319 850 1377 900 ec-

87 951 175 1024 clesia
199 949 393 1024 obiiciant.
419 974 439 1019 s
942 1042 946 1050 l

143 1064 202 1142 His
227 1062 378 1166 aliisque
406 1056 671 1138 animadversis
698 1056 888 1162 proposita
915 1060 1003 1134 sunt
1028 1055 1246 1134 resolvenda

642 1358 787 1416 nubta.

141 1661 165 1740 l.
188 1691 204 1736 ‹
225 1664 285 1741 An
311 1659 501 1741 Paroehus
529 1657 586 1735 die
613 1657 708 1736 festo
735 1684 759 1736 a
785 1682 853 1735 sua
872 1661 1042 1762 paroecia
1069 1663 1200 1739 absens
1229 1662 1383 1742 satisfa-

89 1781 179 1856 ›ciat
202 1805 287 1856 suae
315 1775 532 1880 obligationi
558 1775 716 1852 Missam
743 1775 958 1854 celebrando
984 1803 1051 1879 pro
1069 1779 1204 1881 populo
1232 1780 1377 1868 inloco

89 1897 165 1970 »ubi
188 1895 300 1997 degit,
322 1919 388 1970 seu
414 1892 537 1994 potius
564 1895 736 1966 tenemur
755 1891 978 1970 substituere
1003 1891 1115 1970 alium
1135 1896 1199 1996 qui
1227 1895 1380 1974 Missam

89 2033 171 2110 >pro
193 2010 325 2113 populo
352 2007 449 2084 dicat
475 2007 516 2082 in
542 2006 691 2108 propria
717 2005 883 2084 ecelesia.
974 2049 977 2054 Δ

148 2127 237 2204 »m
263 2127 446 2227 quatenus
472 2123 645 2225 negative
672 2122 717 2198 ad
744 2123 939 2199 secundam
966 2127 1109 2226 partem

143 2239 184 2318 Π.
207 2269 225 2315 r
245 2239 306 2316 An
332 2242 504 2316 teneatur
531 2236 686 2314 Missam
714 2237 898 2340 applicare
916 2264 983 2343 pro
1011 2242 1146 2344 populo
1159 2241 1199 2320 in
1218 2242 1298 2321 loeo
1315 2243 1379 2319 ubi

90 2354 214 2457 »degit
235 2380 299 2432 seu
326 2355 448 2458 potius
477 2354 522 2430 ad
553 2353 766 2455 parochiam
803 2354 947 2432 rediens
987 2360 1157 2435 teneatur
1193 2358 1379 2461 applicare

91 2471 151 2546 >in
174 2471 318 2574 propria
344 2469 512 2546 ecclesia.
859 2469 860 2473 ’
1038 2562 1045 2577 ι

146 2585 200 2663 ΠΙ.
226 2616 244 2659 ›
264 2586 327 2662 An
345 2586 535 2663 Parachus
553 2585 671 2662 morbi
689 2609 800 2664 causa
817 2586 980 2689 legitime
1005 2589 1202 2691 impeditus
1220 2615 1268 2666 ne
1287 2589 1381 2666 Mis-

90 2724 184 2777 ›sam
209 2701 378 2794 celebret,
402 2703 575 2777 teneatur
601 2704 686 2803 post
711 2705 964 2803 recuperatam
992 2704 1190 2782 sanitatem
1208 2708 1263 2780 tot
1290 2706 1383 2782 Mis-

90 2841 170 2892 ›sas
193 2817 376 2920 applicare
402 2840 469 2919 pre
496 2816 644 2920 populo,
667 2820 758 2919 quot
792 2819 946 2894 durante
973 2822 1098 2898 morbo
1136 2822 1273 2912 omisit,
1302 2821 1383 2896 sive

90 2931 150 3008 »in
173 2959 257 3013 casu
282 2958 356 3037 quo
383 2958 451 3012 nec
477 2958 545 3036 per
563 2959 603 3010 se
631 2959 699 3011 nee
716 2959 782 3037 per
801 2933 913 3010 alium
933 2933 1116 3013 celebrare
1136 2939 1285 3039 poterat
1303 2937 1382 3015 sine

90 3052 211 3150 »gravi
236 3049 477 3140 incommode,
501 3047 579 3126 sive
606 3048 647 3124 in
673 3075 761 3126 casu
789 3073 860 3151 quo
896 3052 1045 3152 poterat
1071 3076 1136 3153 pec
1164 3053 1290 3146 alium,
1320 3055 1382 3129 sed

91 3191 157 3242 »ex
180 3168 298 3270 aliquo
326 3191 423 3244 vano
449 3166 582 3242 timore
609 3164 668 3241 vel
695 3164 922 3268 negligentia
948 3190 1024 3244 non
1051 3168 1194 3247 curavit
1221 3169 1278 3247 vel
1306 3195 1381 3247 non

91 3283 265 3361 »obtinuit
291 3285 334 3361 ut
361 3281 456 3358 alius
483 3304 550 3383 pro
577 3304 615 3356 se
643 3278 856 3357 celebraret.

93 3387 96 3396 ’
150 3397 422 3476 RasoenuuaS.
439 3394 687 3498 Congregatio
704 3396 860 3474 Consilii
879 3398 936 3474 die
959 3397 1008 3474 14
1025 3399 1238 3477 Decembris
1262 3397 1376 3492 1872,

89 3533 175 3590 eausa
199 3515 358 3618 cognita,
382 3512 528 3589 censuit
553 3513 773 3613 respendere
801 3513 846 3590 ad
873 3515 996 3590 dubia:
1027 3516 1296 3594 ‹Parocbum
1324 3518 1384 3592 die

87 3629 161 3721 sesto
184 3657 207 3706 a
232 3655 305 3706 sua
326 3635 509 3735 paroecia
537 3629 708 3729 lepitime
735 3627 926 3706 absentem
944 3635 1166 3732 satisfacere
1184 3657 1277 3707 sicae
1292 3633 1385 3707 obli-

87 3751 210 3838 patioai
234 3745 402 3822 Missam
431 3743 657 3847 applicando
678 3768 754 3843 pro
775 3746 921 3844 populo
949 3746 1194 3830 stramiaco
1221 3748 1289 3822 abc·
1315 3749 1378 3823 ae-

89 3863 142 3954 mi,
162 3859 359 3938 dammodo
391 3859 444 3936 ad
478 3862 736 3934 necessariam
767 3861 908 3959 populi
940 3862 1242 3938 commoditatem
1280 3864 1384 3938 atius

89 3969 246 4054 Sacerdos
275 3981 317 4051 in
345 3974 500 4050 ecclesia
527 3972 751 4076 parochiali
778 3972 933 4049 celebret
966 3985 1000 4049 et
1035 3977 1193 4051 verbam
1221 3977 1294 4052 Dei
1318 4002 1385 4079 eoc-

90 4103 401 4264 vmitborocimm
415 4197 503 4251 acro
517 4179 722 4268 utcumque
732 4162 904 4264 lepitime
914 4160 931 4230 i
934 4151 1142 4255 mpeditom
1152 4171 1200 4221 ue
1211 4141 1378 4220 Missam

93 4304 233 4393 celebret,
261 4303 384 4380 temeri
411 4319 496 4371 cam
524 4291 587 4374 die
611 4290 708 4388 festo
728 4307 802 4386 per
817 4281 943 4355 aliam
961 4269 1148 4349 celebrari
1161 4263 1379 4366 etapplica-

94 4431 122 4499 ri
140 4431 256 4528 tacere
274 4445 352 4527 pro
372 4415 520 4522 populo
548 4417 592 4488 ia
620 4407 777 4484 ecclesia
797 4393 1043 4504 parochiali:
1073 4386 1228 4491 quodsi
1246 4384 1378 4480 itafa-

96 4551 174 4623 cium
196 4567 273 4624 noo
296 4541 437 4643 faerit,
466 4531 760 4636 orcamprimam
777 4520 943 4640 poterit,
973 4497 1378 4608 Missamperpoputo

98 4667 267 4769 applicare
294 4659 477 4746 actare.»
572 4717 576 4725 .
691 4664 705 4680 ’
