3238 4940
250 297 312 374 llt
697 325 736 376 us
759 325 848 376 clusi
873 327 901 374 a.
929 328 1042 378 auoauu
1067 327 1112 377 ιιι.

246 421 372 484 uiseret
396 420 545 482 coelestes
567 423 728 484 thesauros
754 425 952 497 condiderat,
976 427 1102 486 Romam
1126 425 1261 484 delatum
1292 425 1324 488 in
1345 427 1477 490 Basilica
1496 429 1550 486 Va·

248 522 352 581 tioaua
372 522 558 580 solemnibus
579 523 719 598 exequiis
739 523 770 580 iu
793 523 917 582 biduum
939 527 1200 599 praetermorem
1223 525 1392 600 persolutis
1414 545 1551 586 unacum

247 619 370 678 exuviis
391 621 497 678 Sancti
519 619 662 696 Gregorii
685 606 727 679 lll
748 624 781 678 et
802 619 890 678 Beati
913 621 1001 678 Petri
1016 622 1147 679 Levitae
1170 621 1344 696 depositum
1366 621 1436 680 luit.
1459 623 1553 680 Pluri-

248 717 306 775 mis
327 717 437 775 exinde
461 717 609 794 prodIgiis
630 716 760 792 Eugeuii
783 717 825 776 lll
847 716 1021 792 sepulcrum
1045 720 1122 776 Dens
1144 719 1314 794 gloriosum
1336 717 1479 788 reddidit,
1495 721 1554 794 qui·

247 815 304 874 bus
325 814 552 874 Christilideles
573 815 704 893 permoti
726 817 848 892 publico
869 817 954 874 cultu
978 817 1114 874 eumdem
1131 819 1273 892 prosequi
1294 821 1471 892 coeperunt.
1487 819 1554 877 Cum

248 912 423 971 huiusmodi
445 913 547 973 cultus
568 912 663 972 etiam
684 912 715 971 iu
738 912 809 971 aliis
831 911 1020 989 Regionibus
1049 913 1084 972 ad
1109 915 1181 972 baec
1205 931 1298 989 usqne
1324 917 1463 988 tempora
1481 915 1556 971 obti·
1602 924 1608 995 p

250 1009 379 1078 unisset,
402 1007 500 1069 Itn‘uns
521 1002 616 1069 Pater
637 1012 672 1070 D.
687 1009 882 1068 Theobuldus
903 1008 1006 1068 Cesari
1029 1009 1130 1069 Abba's
1152 1009 1314 1068 Generalis
1330 1009 1427 1068 totius
1441 1009 1555 1069 Ordinis
1603 1023 1611 1059 ι’

248 1107 476 1178 Cisterciensis,
499 1125 552 1166 suo
573 1113 666 1183 atque
687 1107 836 1167 sodalium
858 1107 1109 1166 cisterciensium
1132 1107 1252 1164 nomine
1275 1107 1365 1166 illum
1386 1108 1425 1166 ab
1435 1111 1557 1182 Aposto·
1610 1167 1611 1170 ,

251 1204 313 1263 lica
334 1205 411 1262 Sede
431 1205 610 1264 confirmari
632 1205 734 1281 petiit.
752 1207 797 1264 Ad
820 1206 849 1264 id
872 1207 1090 1280 assequendum
1113 1205 1303 1279 subscriptus
1317 1206 1491 1264 Cardinalis
1511 1209 1557 1264 Sa·
1608 1171 1611 1230 l

251 1318 374 1359 crorum
404 1301 531 1361 Rituum
558 1301 798 1378 congregationi
827 1302 1007 1361 Praefectus
1035 1319 1071 1360 ac
1092 1300 1288 1362 Sanctissimi
1309 1302 1432 1362 Domini
1460 1305 1558 1364 Nostri
1610 1323 1611 1326 ¹

252 1399 302 1458 Pii
324 1400 425 1474 Papae
445 1401 489 1459 IX
511 1399 540 1456 in
559 1399 642 1460 Urbe
660 1399 801 1458 Vicarius
823 1399 988 1458 Ordinaria
1002 1399 1192 1458 auctoritate
1206 1399 1388 1458 Processum
1404 1400 1557 1472 iustruxit,
1610 1475 1611 1478 Ἴ

253 1515 349 1574 eoque
371 1496 510 1556 absoluto
536 1495 723 1556 sententiam
749 1496 849 1569 dixit,
873 1514 933 1572 qua
953 1496 1128 1556 declaravit
1156 1495 1308 1556 Constare
1336 1496 1374 1556 de
1396 1496 1492 1557 Cultu
1510 1519 1560 1574 prs·
1608 1515 1609 1518 ’

253 1596 332 1652 blico
347 1593 569 1653 Ecclesiastico
583 1594 683 1652 eidem
698 1592 846 1668 Eacaceia
862 1593 921 1650 III
933 1595 971 1652 ab
989 1595 1239 1652 immemorabili
1253 1601 1390 1670 tempore
1402 1599 1558 1670 praestito.

253 1692 366 1751 Postea
386 1694 485 1752 Causa
506 1692 580 1751 haec
600 1693 637 1752 ad
661 1693 825 1751 Sacrorum
847 1691 977 1752 Rituum
999 1691 1259 1768 congregationis
1279 1709 1408 1750 examen
1430 1692 1559 1768 perlata,

255 1790 286 1848 in
308 1789 473 1850 Ordinario
493 1789 628 1848 eiusdem
650 1791 762 1849 Sacrae
783 1790 1042 1866 congregationis
1066 1791 1228 1850 Conventa
1257 1788 1443 1864 subsignata
1473 1791 1559 1850 dicad
1608 1777 1609 1794 ³

255 1888 424 1947 Vaticanas
445 1890 544 1948 Aedes
565 1889 746 1960 coadunato,
763 1906 817 1963 per
838 1884 945 1948 limum
967 1894 999 1946 et
1014 1884 1125 1946 Rmum
1147 1890 1182 1947 l).
1199 1886 1396 1946 Cardiualem
1419 1887 1560 1947 Aloisinn
1608 1879 1609 1882 '

255 1985 338 2044 Bilio
359 1984 451 2043 huius
471 1971 587 2046 Causae
602 1987 773 2044 Poneutem
788 1985 944 2060 proposito
956 1983 1053 2044 Dubio
1074 2001 1092 2042 ιι
1107 1986 1162 2041 Aa
1176 1985 1339 2042 sententia
1356 1986 1428 2041 iata
1442 1985 1480 2042 ab
1494 1984 1560 2041 Eam

257 2091 287 2140 et
308 2083 388 2140 limo
409 2079 582 2142 Cardieeli
608 2082 697 2140 Urbis
724 2082 848 2140 Vicario
869 2081 980 2142 Iudice
1003 2081 1189 2148 Ordiaurio,
1212 2095 1306 2156 saper
1327 2082 1561 2140 immemorabili

257 2184 346 2242 cultu
361 2181 527 2256 praedicto
548 2181 644 2239 Servo
666 2180 725 2239 Dei
745 2182 899 2254 praestito
920 2195 975 2237 seu
994 2195 1088 2254 super
1108 2195 1183 2238 casu
1216 2185 1346 2253 eccepto
1380 2195 1401 2237 a
1433 2177 1562 2238 Decretis

258 2295 390 2338 emme:
418 2279 540 2351 Urbani
560 2279 671 2354 Papae
697 2277 783 2336 VIII
801 2281 843 2337 sit
876 2278 1100 2354 confirmanda
1121 2279 1158 2334 ia
1188 2294 1264 2335 casa
1294 2283 1323 2336 et
1353 2276 1397 2334 ad
1428 2279 1563 2352 effectam

258 2376 296 2434 de
317 2375 558 2451 aucupaturi»
580 2377 675 2434 Sacra
706 2375 809 2434 eadem
842 2373 1070 2449 Congregatio,
1103 2373 1243 2431 omnibus
1275 2376 1398 2431 maturo
1430 2375 1561 2432 examine

258 2474 429 2548 perpensis,
452 2473 619 2548 audituque
642 2475 679 2532 R.
703 2475 738 2533 u.
762 2470 935 2531 Laurentio
958 2470 1080 2529 Salvati
1104 2471 1236 2532 Sanctae
1264 2469 1352 2528 Fidei
1380 2471 1563 2530 Promotoris

258 2579 442 2639 Coadiutore
455 2579 685 2637 rescribendum
707 2578 829 2637 censuit
842 2596 859 2636 u
872 2577 1074 2652 Affirmom've
1099 2583 1126 2636 »ζ
1152 2575 1207 2635 liis
1227 2575 1362 2636 XXVIII
1383 2576 1564 2653 Septembris

260 2676 520 2738 MDCCCLXXII.

344 2773 488 2842 «Quibus
502 2790 557 2849 per
572 2771 804 2848 infrascriptum
819 2773 1028 2832 secretarium
1042 2770 1243 2830 Sanctissimis
1255 2770 1383 2829 Domino
1394 2771 1510 2829 Nostro
1520 2770 1566 2828 Pio

260 2871 362 2946 Papae
383 2869 427 2928 IX
449 2867 584 2926 fideliter
605 2866 727 2938 relatis,
750 2867 908 2926 Sanctitas
930 2868 993 2926 Sua
1015 2867 1211 2944 RescrIptum
1227 2867 1340 2926 Sacrae
1352 2866 1564 2944 congregatio·

262 2965 310 3025 nis
330 2965 433 3023 ratum
454 2960 565 3020 habuit
585 2965 618 3021 et
638 2960 846 3022 confirmarit.
863 2961 919 3022 Die
933 2963 977 3023 III
997 2961 1139 3022 Octobris
1158 2959 1241 3022 Anni
1261 2959 1449 3020 eiusdem.»

397 3260 430 3321 C.
446 3258 547 3335 Episo.
564 3216 685 3319 Ostien.
699 3260 732 3319 et
745 3258 901 3320 Velitern.
917 3258 1007 3320 Card.
1024 3258 1157 3318 Pnrarzr
1178 3255 1210 3316 S.
1228 3258 1267 3318 R.
1283 3257 1317 3318 C.
1334 3255 1443 3319 Praei.

342 3411 424 3480 Luco
438 3413 472 3482 ὦ
486 3407 593 3487 Sigilli

966 3501 1006 3562 D.
1023 3499 1191 3561 Bartoiiui
1210 3496 1244 3559 S.
1260 3497 1300 3557 R.
1318 3493 1352 3556 C.
1366 3493 1567 3558 Secretarim·
