3238 4940
256 263 317 339 171
802 289 1021 342 aerumnosis

332 389 387 467 Ne
406 392 526 467 autem
546 388 638 468 hacc
656 416 771 468 onera
789 391 1022 494 negligerent
1042 392 1244 496 Capellani,
1270 393 1401 482 voluit,
1425 397 1467 474 11
1485 393 1555 496 ipsic-

225 501 228 510 ’
252 513 399 607 praeter
427 507 695 584 habitationem
723 533 847 584 annua
873 509 1001 612 pensio
1029 507 1243 614 ¹libellorum
1281 511 1555 612 octingentarum

252 622 489 698 tribueretur.

330 737 557 812 Praevideus
585 741 707 812 autem
736 763 873 832 casum,
897 763 969 840 quo
995 738 1215 841 Capelianus
1243 739 1453 816 huiusmodi
1482 741 1556 815 Mis-

252 876 330 928 6661
357 851 541 928 6616111616
560 853 658 928 haud
685 858 819 954 posset,
844 853 936 930 haec
954 856 1098 932 statuit:
1126 883 1143 926 e
1167 852 1322 939 Quando
1349 853 1555 957 Capelianus

255 996 273 1038 »
295 968 505 1043 nominatus
532 992 599 1070 pro
618 973 782 1069 tempore
809 993 883 1044 non
903 969 1039 1069 poterit
1067 969 1251 1046 celebrare
1266 969 1401 1047 dictam
1421 971 1555 1046 Missam

255 1081 560 1182 >quotidianam
584 1082 791 1158 sodalitium
817 1083 950 1158 haeres
978 1109 1060 1159 eam
1079 1085 1262 1160 celebrare
1289 1083 1411 1160 faeere
1430 1086 1556 1161 debebit

255 1226 272 1267 ›
294 1222 358 1297 per
378 1221 486 1296 quem
507 1197 610 1273 malit
628 1222 710 1273 cum
730 1197 1164 1298 eleemosyna'obolorum
1183 1199 1315 1300 viginti
1336 1225 1403 1300 pro
1416 1225 1557 1302 unaqua-

255 1335 364 1412 ›qoe
392 1313 510 1388 Missa
537 1337 652 1413 usqne
681 1315 779 1406 dum,
812 1312 929 1389 dictus
957 1311 1177 1416 Capellanus
1204 1314 1431 1409 nominatus,
1462 1317 1508 1392 sit
1530 1319 1558 1391 in

254 1456 272 1498 s
293 1431 391 1502 statu
411 1452 534 1529 perse
554 1426 815 1504 satisfaciendi:
837 1453 932 1528 quae
950 1429 1096 1528 quidem
1115 1427 1345 1528 eleemosyna
1366 1431 1558 1509 deducenda

253 1569 271 1612 1
294 1542 366 1618 6111
392 1569 438 1620 ex
464 1544 573 1619 dictis
600 1542 732 1619 libellis
751 1543 975 1644 octingentis
1002 1544 1119 1621 eidem
1147 1544 1362 1646 assignatis.
1389 1575 1408 1619 1

330 1657 396 1735 Uti
424 1660 582 1734 testator
609 1658 789 1748 iusserat,
826 1656 880 1734 ita
908 1659 1054 1734 videtur
1094 1659 1321 1735 exsecutioni
1358 1663 1558 1738 mandatum

249 1796 366 1872 usque
395 1774 440 1848 ad
468 1798 607 1850 annum
639 1771 754 1848 1871.
776 1773 857 1848 Hoc
884 1778 1050 1848 vertente
1077 1796 1175 1848 anno
1202 1797 1378 1874 praesens
1408 1776 1560 1879 Capella·

249 1913 318 1964 uus
346 1889 548 1980 contendit,
572 1913 612 1964 se
639 1913 745 1990 posse
774 1889 943 1964 omittere
971 1887 1254 1967 celebrationem
1290 1892 1431 1970 Missae
1456 1895 1560 1994 quoti·

247 2004 377 2078 dianae
405 2030 427 2080 a
455 2005 646 2081 Testatore
686 2005 931 2106 praescriptae
960 2028 1035 2081 non
1061 2003 1181 2080 solum
1222 2007 1267 2084 ob
1294 2010 1560 2085 6616611111-

249 2119 403 2210 mitatis,
428 2121 618 2197 sedetiam
649 2122 693 2196 ob
722 2145 870 2197 oausam
898 2121 1103 2198 devotionis
1131 2147 1191 2198 ex.
1213 2145 1271 2222 gr.
1304 2123 1349 2200 ob
1369 2123 1561 2226 spiritualia

247 2237 423 2312 exercitia
451 2237 489 2312 in
517 2235 643 2337 aliqua
670 2236 845 2339 religiosa
863 2237 969 2314 domo
990 2237 1212 2340 peragenda,
1245 2237 1336 2340 quin
1364 2239 1561 2316 sodalitium

246 2357 366 2428 ratam
396 2352 583 2453 pensionis
611 2346 753 2454 partem
782 2353 999 2429 subtrahere
1025 2356 1161 2455 posset.

326 2467 477 2544 Obstitit
495 2492 581 2560 vero
619 2465 780 2543 sodalitii
799 2468 1081 2560 administratio,
1113 2469 1348 2564 contendens,
1370 2471 1410 2547 in
1438 2495 1561 2548 116116

247 2583 339 2658 ratis
367 2585 515 2658 casibus
534 2609 573 2658 se
592 2584 636 2659 ad
656 2583 823 2659 tramites
851 2584 1062 2659 testamenti
1083 2583 1202 2660 teneri
1220 2584 1334 2662 alium
1354 2587 1561 2663 substituere

245 2701 525 2799 Presbyterum,
563 2703 672 2801 atque
700 2699 898 2800 supplicem
925 2697 1088 2776 libellum
1122 2700 1256 2777 obtulit
1282 2701 1321 2778 S.
1358 2701 1560 2802 Congrege-

245 2814 338 2889 tioni
366 2815 617 2914 expostulans:
642 2846 660 2886 e
684 2839 732 2890 an
760 2815 971 2891 sodalitium
999 2815 1037 2890 vi
1062 2815 1275 2892 testamenti
1304 2816 1496 2894 Galliuotti
1514 2822 1561 2890 16-

251 2933 435 3017 11616111
449 2955 578 3006 611616
606 2930 745 3006 Missae
760 2929 994 3030 quotidianae
1013 2930 1299 3006 celebrationem
1327 2933 1407 3008 sive
1427 2932 1465 3007 in
1483 2957 1561 3006 casu

249 3075 267 3118 »
290 3046 517 3122 infirmitatis
545 3044 734 3148 Capeliani
763 3046 841 3121 sive
879 3047 1046 3122 exercitii
1074 3046 1289 3148 spiritualis,
1328 3048 1367 3123 in
1396 3046 1560 3148 6161111-

250 3163 453 3254 ›cumlmt,
474 3163 551 3238 sive
578 3163 617 3238 in
644 3162 839 3264 hypothesi
866 3162 1031 3239 cuiusvis
1073 3161 1225 3238 alterius
1258 3163 1558 3264 impedimenti.»

324 3279 460 3353 Preces
488 3275 530 3354 de
556 3301 657 3354 more
683 3278 859 3356 remissae
887 3275 1038 3354 fuerunt
1078 3275 1273 3354 Ordinario
1300 3303 1367 3380 pro
1395 3279 1562 3356 informa-

245 3392 346 3468 tione
375 3396 412 3468 et
438 3396 538 3486 voto,
562 3398 675 3494 utque
702 3394 827 3471 audito
855 3392 1053 3495 Capellano
1080 3392 1120 3471 in
1147 3393 1317 3495 scriptis,
1348 3394 1500 3472 referret
1524 3393 1561 3468 de

245 3508 509 3604 consuetudine
528 3511 708 3587 hactenus
735 3511 774 3586 in
793 3510 938 3587 casibus
967 3509 1145 3597 similibus
1163 3515 1323 3603 servata,
1341 3511 1457 3613 deque
1475 3513 1560 3587 bono

246 3615 434 3701 oratorum
460 3625 556 3702 iure.

325 3741 545 3843 Capellanus
572 3743 627 3818 nil
663 3741 761 3818 aliud
789 3741 966 3843 scripsit,
1004 3767 1115 3844 quam
1149 3740 1245 3844 quod
1287 3742 1333 3818 ob
1361 3742 1561 3844 spiritualia

245 3859 424 3934 exercitia
450 3883 547 3958 quae
573 3861 781 3960 peregerat,
806 3858 1005 3934 subductae
1032 3857 1180 3935 1161611
1206 3856 1350 3934 libellae
1378 3857 1417 3953 9,
1450 3856 1495 3933 10
1521 3883 1561 3932 ex

247 3973 424 4072 pensione
452 3974 522 4050 sibi
549 3973 672 4051 debita
699 3975 766 4050 sub
794 3975 958 4068 obtentu,
982 3973 1078 4076 quod
1106 3974 1249 4050 interea
1275 3975 1452 4078 temporis
1479 3973 1559 4050 cele-

245 4088 372 4165 bratae
399 4088 547 4166 fueraut
574 4093 655 4167 octo
674 4090 811 4166 Missae
841 4091 886 4166 ab
913 4089 997 4184 alio,
1022 4088 1101 4166 loco
1119 4090 1250 4192 ipsius:
1273 4091 1369 4191 quod
1396 4089 1469 4168 alia
1485 4090 1558 4166 vice

245 4205 291 4278 ob
318 4202 526 4304 spiritualia
553 4204 694 4306 pariter
730 4203 907 4281 exercitia
932 4202 1028 4281 nihil
1055 4228 1102 4280 ex
1128 4203 1304 4307 pensione
1349 4204 1469 4283 fuerat
1494 4205 1559 4280 sibi

243 4321 487 4397 subtractum.

323 4434 527 4535 Episcopus
547 4436 643 4511 iuter
661 4440 783 4512 cetera
800 4434 939 4528 retulit,
962 4435 1162 4536 praeterito
1180 4438 1345 4539 tempore
1363 4459 1558 4538 numquam

247 4547 497 4650 quaestionem
524 4549 721 4627 excitatam
748 4575 828 4628 esse
856 4551 974 4652 quoad
1001 4550 1314 4630 intermissionem
1354 4551 1560 4634 celebratio·
