3338 4962
514 1139 652 1221 IURIS
679 1131 978 1221 FUNERANDI

331 1413 392 1474 oa
406 1413 447 1472 16
459 1412 651 1491 Septembris
672 1414 766 1476 1871.
814 1375 818 1383 ’

168 1699 461 1772 compendium
484 1699 598 1760 raeti.
629 1686 670 1762 In
698 1683 791 1762 Itala
817 1686 906 1761 urbe
934 1684 969 1761 N
992 1686 1094 1762 extat
1121 1681 1404 1763 Carmelilarnm

104 1801 261 1904 templum
289 1800 390 1877 intra
415 1800 551 1878 limites
578 1802 767 1903 paroeciae
784 1803 828 1878 T.
852 1800 1049 1878 Ordinibus
1068 1800 1249 1904 religiosis
1278 1802 1316 1877 in
1336 1803 1409 1878 lta-

103 1915 274 2018 licinique
287 1915 504 2019 suppressis,
526 1918 571 1993 de
583 1941 683 1993 more
697 1941 790 1994 unus
808 1915 1090 1994 Carmelitarum
1117 1917 1157 1992 in
1171 1917 1297 1994 eodem
1315 1921 1410 1992 tem·

104 2029 163 2132 plo
177 2032 312 2110 mansit
338 2035 528 2132 tamquam
555 2035 677 2109 custos
705 2057 769 2108 seu
797 2034 949 2126 Rector,
973 2034 1171 2134 deputatus
1190 2035 1269 2109 tum
1296 2031 1407 2109 aSu-

103 2148 228 2246 periore
255 2147 402 2226 Ordinis
429 2147 665 2241 Carmelitici,
684 2152 765 2224 tum
792 2149 903 2225 etiam
931 2150 976 2224 ab
995 2147 1191 2225 Ordinario
1209 2145 1294 2223 loci.

169 2266 283 2345 Porro
311 2288 392 2341 cum
420 2264 596 2366 templum
624 2263 713 2341 illud
740 2265 820 2341 iure
839 2263 1035 2366 sepeliendi
1062 2265 1238 2366 gauderet
1264 2267 1302 2339 et
1319 2287 1408 2338 non-

103 2377 210 2456 nullae
236 2379 396 2456 familiae
424 2379 629 2482 sepulcrum
657 2379 880 2482 gentilitium
899 2381 939 2456 in
959 2405 1002 2456 oo
1026 2381 1217 2472 haberent,
1241 2379 1409 2455 volvente

103 2517 189 2570 anno
218 2493 316 2570 1869
331 2495 600 2571 controversiae
614 2495 810 2572 nonnullae
828 2497 924 2571 circa
937 2494 1068 2571 lunera
1086 2499 1188 2571 ortae
1208 2497 1295 2570 sunt
1312 2492 1409 2568 inter

103 2609 284 2688 Rectorem
299 2610 539 2689 Carmelitam
565 2615 603 2686 et
629 2611 838 2688 Parochum
865 2636 928 2687 seu
948 2609 1193 2687 Oeconomum
1219 2607 1409 2710 paroeciae

103 2727 280 2804 occasione
306 2727 427 2803 obitus
454 2727 643 2804 cniusdam
669 2726 813 2818 Annae,
837 2727 1035 2828 quaelicet
1062 2751 1108 2802 ex
1135 2725 1255 2800 aliena
1281 2747 1410 2825 paroe-

103 2842 150 2918 cia
167 2843 216 2935 R,
238 2847 362 2920 tamen
388 2842 595 2943 sepulcrum
621 2841 845 2944 gentilitium
872 2843 910 2918 in
938 2843 1034 2918 dicto
1052 2840 1297 2942 Regularium
1316 2841 1410 2914 tern-

104 2957 154 3058 plo
178 2955 348 3035 habebat.
424 3011 427 3016 -

171 3075 318 3150 Mortua
343 3072 468 3174 itaque
499 3074 621 3165 Anna,
644 3073 784 3151 Reotor
801 3072 1003 3150 Carmelila
1040 3072 1227 3150 cadaveris
1252 3069 1411 3146 associa-

104 3187 230 3263 tionem
253 3189 409 3290 parabat
435 3213 479 3265 ea
506 3188 721 3281 intentione,
741 3192 783 3264 ut
809 3214 954 3268 crucem
982 3188 1142 3290 erigeret
1168 3192 1205 3264 et
1232 3211 1315 3262 cum
1336 3190 1410 3260 sto-

105 3301 135 3376 la
157 3303 306 3379 cadaver
331 3301 508 3397 deferret,
533 3306 575 3379 ut
601 3305 715 3380 moris
742 3302 899 3380 fortasse
927 3308 1008 3380 erat
1041 3304 1081 3380 in
1116 3327 1160 3379 ea
1195 3301 1285 3378 urbe
1308 3303 1410 3375 ante

105 3419 392 3518 suppressionem.
418 3417 512 3496 Cum
539 3417 764 3495 Oeconomus
795 3420 1032 3521 paroeciaeT
1059 3419 1149 3496 haec
1176 3415 1405 3506 rescivisset,

105 3537 225 3631 putans
243 3533 312 3610 hac
329 3533 470 3610 ratione
488 3533 571 3610 iura
587 3533 808 3635 paroecialia
834 3532 1094 3612 detrimentum
1122 3536 1287 3636 captura,
1312 3529 1410 3633 quod

106 3648 319 3725 existimaret
344 3651 428 3750 post
455 3648 746 3751 suppressionem
772 3649 851 3724 eius
869 3648 995 3751 templi
1022 3651 1103 3730 iura
1131 3649 1175 3726 ad
1203 3645 1411 3751 paroeciam

105 3759 174 3861 ipso
199 3761 295 3840 lacto
321 3763 490 3841 devoluta
516 3789 616 3857 esse,
648 3764 694 3839 ad
720 3763 869 3842 Curiam
907 3764 1189 3842 ecclesiasticam
1216 3761 1405 3860 confugit,

107 3901 186 3976 quae
211 3879 249 3956 in
275 3880 369 3956 haec
386 3883 622 3982 praesumpta
640 3878 837 3957 Oeconomi
855 3881 939 3957 iura
957 3881 1149 3958 concessit.
1172 3879 1296 3966 Quare
1315 3877 1411 3952 idem

107 3991 320 4072 Oeconomus
346 3994 563 4097 Capellanos
594 3994 706 4090 misit,
731 3995 794 4096 qui
812 3996 995 4073 coniuncti
1022 4021 1105 4074 cum
1132 3992 1339 4096 Capellanis
1358 3990 1412 4066 al-

107 4107 207 4187 terins
231 4109 431 4188 Paroeciae
457 4112 508 4206 R,
538 4113 693 4188 cadaver
720 4110 948 4188 associarunt
975 4113 1020 4217 ad
1047 4111 1291 4213 Regularium
1317 4112 1412 4183 tem·

107 4223 210 4323 plum;
237 4227 275 4305 in
302 4251 486 4329 quocum
511 4251 619 4304 nemo
646 4226 802 4318 adesset,
831 4227 892 4327 qui
921 4228 1076 4305 cadaver
1101 4227 1292 4329 reciperet,
1325 4221 1412 4298 reli-

107 4338 216 4438 giosae
242 4342 419 4444 exequiae
445 4341 490 4418 de
516 4366 618 4419 more
645 4340 832 4418 faciendae
859 4343 905 4419 ab
922 4341 1047 4419 iisdem
1075 4340 1340 4419 associantibus
1357 4338 1412 4416 fa·

109 4457 177 4533 ctae
202 4462 299 4536 sunt.
443 4495 447 4502 ·

174 4570 399 4653 Oeconomns
416 4578 552 4668 autem,
570 4597 619 4652 ne
636 4571 822 4652 videretur
839 4572 982 4652 ratione
996 4571 1089 4652 lucri
1102 4576 1234 4667 motus,
1253 4575 1408 4650 testatus

109 4691 173 4787 esl,
202 4687 282 4788 sibi,
303 4691 489 4770 subductis
516 4691 686 4770 omuibus
715 4690 902 4795 impensis,
935 4690 1083 4769 nonnisi
1111 4687 1270 4768 libellam
1295 4689 1327 4792 1,
1361 4685 1412 4766 50
