3258 4944
559 369 661 433 tussis
686 370 886 432 revocamus.
1322 350 1383 431 l87

101 477 225 564 >alium
252 506 311 562 cx.
335 507 393 587 gr.
416 481 645 562 Sacellanum
663 487 729 562 aut
746 485 1009 585 Presbyterum
1030 476 1209 560 advenam
1228 478 1318 560 huic
1336 482 1393 559 of-

99 602 197 678 ›ficio
223 600 434 678 satisfacere
448 601 605 702 possint:
632 629 650 674 ›
672 623 887 701 responsum
906 603 977 676 est:
1000 600 1227 700 affirmative
1242 602 1293 675 ad
1302 606 1393 705 prt-

95 743 179 794 mcm
195 731 366 820 portem,
388 721 565 819 nepota’oe
592 719 645 791 od
665 714 888 799 secundom,
909 724 1059 817 eccepto
1080 741 1172 790 cusu
1195 739 1307 790 cerac
1329 739 1395 790 ne-

96 839 259 933 cessiton's
282 842 316 906 et
343 842 590 908 concurrente
618 853 736 906 conso
763 835 960 906 cononica.

156 949 248 1036 Quin
276 947 350 1024 imo
375 972 493 1049 neque
520 946 923 1025 consuctudoadmissa
949 949 1019 1038 est,
1043 971 1138 1048 quae
1158 947 1302 1050 vigeret
1328 972 1395 1048 ap·

96 1064 233 1166 plicandi
251 1062 404 1141 Missam
419 1087 486 1165 pro
501 1060 636 1165 populo
654 1061 864 1163 paralium,
884 1064 926 1138 ut
939 1060 978 1138 in
993 1061 1108 1138 citata
1126 1063 1393 1140 Mecbltnien..·

100 1203 238 1280 namque
266 1180 312 1254 ad
339 1179 392 1256 IV
420 1178 568 1254 dubium
596 1177 651 1253 sic
677 1179 905 1277 conceptum:
932 1177 1070 1264 «Quid
1099 1179 1241 1255 censeri
1268 1180 1398 1254 debeat

99 1292 520 1384 »connsuetudinem
546 1292 651 1368 cuius
678 1290 870 1368 Parochus
897 1291 1023 1368 diebus
1050 1293 1252 1370 Dominicis
1280 1296 1317 1368 et
1344 1291 1398 1368 fe-

100 1408 186 1483 ›stis
211 1407 367 1484 Missam
395 1407 577 1509 privatam
605 1431 671 1507 pro
705 1405 766 1508 pio
796 1405 918 1505 aliquo
954 1407 1184 1485 benefactore
1223 1409 1393 1510 applicet,

100 1528 162 1598 >et
185 1523 283 1600 nullo
310 1521 474 1623 legitimo
501 1522 764 1623 impedimento
783 1522 951 1598 detentus
971 1549 1064 1600 onus
1083 1525 1290 1602 celebrandi
1308 1523 1400 1600 Mis-

101 1664 197 1715 ›sam
240 1665 308 1740 pro
348 1638 481 1740 populo
516 1637 556 1714 in
597 1639 709 1716 alium
745 1637 947 1714 transferat
975 1641 1233 1718 Sacerdotem?
1276 1671 1294 1712 v
1341 1664 1401 1715 re-

98 1777 249 1853 sponsum
276 1752 426 1857 prodiit:
454 1751 777 1830 Consuetudinem
804 1755 848 1828 de
876 1780 952 1858 que
981 1763 1116 1859 opttus·
1133 1783 1211 1832 reonr
1238 1782 1317 1832 esse
1344 1767 1402 1831 ot-

99 1868 429 1945 cartennensium
456 1869 496 1943 in
523 1869 782 1944 Polv‘custren.
806 1868 862 1944 die
880 1869 932 1948 23
960 1870 1052 1946 Maii
1077 1869 1176 1947 1857
1204 1872 1302 1947 inter
1320 1897 1403 1972 sup·

98 1982 190 2082 plices
216 1983 358 2062 libellos
385 1985 576 2085 proposita
603 1987 641 2059 et
673 1985 713 2060 in
754 1986 961 2062 Tiburtino
988 1987 1046 2062 die
1071 1986 1119 2064 21
1152 1989 1247 2064 Nov.
1283 1985 1398 2064 1801.

160 2099 212 2174 llx
239 2099 372 2200 quibus
399 2123 486 2198 ergo
522 2101 668 2176 constat
702 2098 964 2200 obligationem
1005 2102 1211 2203 applicandi
1245 2103 1403 2179 Missam

103 2235 156 2310 pro
181 2214 310 2314 populo
328 2237 417 2315 esse
444 2212 687 2315 personalem,
713 2214 766 2290 ita
793 2219 932 2308 tamen,
965 2219 1019 2308 ut,
1047 2216 1316 2294 interveniente
1343 2241 1404 2293 oa-

98 2329 210 2406 nonica
227 2353 351 2422 causa,
375 2353 448 2428 qua
475 2325 536 2404 ille
563 2327 626 2430 qui
658 2353 786 2406 curam
815 2333 900 2406 actu
918 2332 1016 2432 gerit
1052 2334 1257 2409 animarum
1286 2331 1405 2434 appli-

98 2465 164 2516 care
189 2469 252 2545 per
279 2470 318 2520 se
345 2467 420 2519 non
448 2444 574 2545 possit,
598 2443 729 2520 debeat
756 2471 837 2521 eam
864 2445 1049 2548 applicare
1076 2474 1139 2549 per
1167 2446 1293 2545 alium.

163 2558 342 2634 Nonnulla
369 2557 453 2634 inde
481 2559 634 2634 adducta
662 2564 751 2635 sunt
769 2561 948 2662 exempla,
972 2562 1010 2637 in
1029 2564 1160 2663 quibus
1188 2562 1401 2638 canonicam

97 2695 223 2748 causam
250 2674 410 2749 existere
439 2699 461 2749 a
489 2675 529 2752 S.
552 2673 596 2750 O.
619 2674 663 2751 O.
686 2679 746 2750 cst
775 2677 991 2754 iudicatum.
1016 2677 1196 2754 Videlicet
1222 2677 1261 2753 in
1290 2676 1403 2752 citata

97 2788 349 2864 Constitutione
383 2787 480 2864 Curn
507 2813 657 2891 sempor
684 2791 844 2874 oblatos,
874 2791 948 2866 iam
976 2793 1149 2868 Pontifex
1185 2791 1400 2870 declaravit:

98 2904 176 2998 spu
201 2904 231 2977 si
258 2903 428 3005 paroecia
456 2905 596 2980 adnexa
624 2905 674 2979 sit
701 2907 936 2982 Praebendae
964 2908 1183 3000 canonicali,
1213 2907 1417 2984 Parochus·
1459 2899 1461 2902 ’

98 3014 230 3092 llissun
248 3019 529 3096 conventualem
550 3019 755 3096 celebraret
770 3025 807 3096 et
826 3021 1042 3122 applicaret;
1059 3022 1299 3125 paroecialem
1316 3048 1403 3100 vcro

74 3129 231 3220 ¹Missam
258 3133 366 3210 alteri
395 3159 461 3209 suo
488 3139 638 3235 sumptu
668 3136 1153 3217 celebrandam'mandaret.

163 3247 248 3323 ltcm
276 3248 422 3348 quando
448 3248 486 3324 in
514 3250 712 3350 paroeciali
742 3250 894 3328 ecclesia
920 3252 1042 3330 adsint
1069 3254 1284 3354 Presbyteri
1312 3279 1403 3355 quo-

98 3379 166 3433 rum
192 3387 322 3439 munus
346 3363 399 3454 ⁴sit
417 3388 463 3438 ex
501 3364 579 3465 lege
612 3365 835 3440 fundationis
868 3393 932 3444 seu
965 3369 1128 3468 legitimo
1161 3369 1269 3446 titulo
1301 3372 1404 3446 coad-

98 3469 228 3552 iuvandi
254 3477 465 3554 Paroclrum
492 3479 531 3553 in
558 3504 646 3555 cura
674 3481 894 3576 animarum,
919 3483 951 3557 si
977 3484 1139 3560 vicissim
1166 3511 1249 3562 oum
1283 3487 1403 3562 Paro·

98 3585 155 3662 cho
179 3591 328 3668 Missam
356 3618 423 3693 pro
450 3593 585 3695 populo
613 3596 801 3697 applicare
831 3601 1101 3693 consueverint,
1125 3601 1301 3676 eiusmodi
1320 3625 1401 3676 con-

98 3707 308 3784 suetudinem
349 3709 498 3784 admisit
548 3711 588 3788 S.
628 3711 877 3814 Congrcgatio
919 3713 957 3788 in
1000 3715 1205 3816 Spoletunc
1251 3716 1308 3791 die
1353 3715 1401 3791 14

98 3813 178 3894 Maii
205 3820 318 3915 18313
341 3823 429 3898 item
456 3823 495 3898 in
523 3825 697 3925 Repente,
721 3825 769 3903 15
798 3828 1009 3905 Decembris
1032 3827 1147 3923 1725;
1169 3831 1207 3906 in
1242 3831 1401 3908 Verula-

99 3951 156 4017 no,
178 3933 223 4012 12
247 3938 459 4016 Decembris
491 3937 605 4015 1829.

168 4049 305 4129 Pariter
333 4053 365 4129 si
392 4053 481 4131 cura
508 4057 716 4133 animarum
744 4056 834 4136 insit
862 4059 972 4136 alicui
1000 4059 1198 4163 Capitulo,
1215 4065 1257 4137 ut
1293 4085 1400 4163 saepe

98 4163 271 4268 contingit,
294 4193 390 4269 quae
417 4195 484 4271 per
511 4172 704 4247 Vicarium
747 4180 975 4269 exerceatur,
1000 4180 1110 4278 atque
1138 4176 1316 4256 Canonici
1335 4201 1400 4276 per

103 4275 234 4357 turnum
260 4283 415 4360 Missam
442 4308 508 4385 pro
536 4285 672 4388 populo
699 4287 885 4390 applicare
923 4292 1192 4406 conspeverint,
1222 4289 1400 4366 eiusmodi

101 4398 302 4576 pnsuerudo
347 4401 527 4477 servanda
554 4405 623 4496 est,
660 4403 766 4483 utin
800 4403 1045 4484 Camerinen.
1077 4408 1133 4484 die
1164 4405 1211 4482 16
1238 4408 1399 4483 Deccm-

122 4504 167 4582 ris
193 4510 300 4589 1820.

171 4622 263 4716 Quod
291 4628 322 4707 si
349 4629 509 4708 Parochi
538 4631 625 4710 adeo
653 4631 730 4710 sint
755 4657 934 4740 pauperes
961 4638 1003 4713 ut
1030 4635 1146 4716 fermo
1172 4661 1218 4716 ex
1244 4635 1399 4717 eleemo«
