3338 4962
645 308 832 358 arrarueuu.
1354 279 1391 352 el

101 413 138 494 lai
161 438 196 490 se
222 411 416 490 conferunt
441 413 478 487 et
506 409 551 486 ab
578 433 620 486 ee
646 410 777 510 petunt
802 410 844 483 ut
869 399 1102 482 matrimonio
1129 401 1292 480 assistat.
1322 399 1397 478 Ee-

101 557 164 607 rum
188 530 281 606 votis
309 551 446 603 morem
473 548 603 627 gerens
630 523 691 599 ille
718 521 908 599 Parcchus
934 521 979 597 ad
1004 519 1247 623 paroecialem
1282 517 1396 595 eccle-

101 651 174 724 siam
197 645 311 737 ducit3
332 666 547 745 sponsorum
574 643 611 715 et
638 638 790 715 testium
808 637 959 713 nemina
985 661 1059 713 nen
1078 635 1192 712 semel
1217 633 1394 734 exquirit3

102 790 132 838 ac
154 761 293 838 tandem
320 759 365 835 ad
392 757 546 834 formam
574 755 613 830 in
650 753 796 833 Rituali
833 752 1099 853 praescriptam
1139 747 1322 854 (quamvis
1357 748 1398 823 iu

101 876 200 954 verbis
226 871 450 976 proferendis
477 868 582 946 valde
608 867 737 971 lingua
755 864 1024 970 implicaretur)
1046 889 1199 968 sponsos
1225 864 1397 939 mutuum

100 987 304 1066 matrimonii
332 1010 548 1066 eonsensum
580 983 753 1085 exquirit.
781 984 923 1059 Verum
954 980 1123 1057 Pareche
1153 976 1398 1079 interroganti

102 1105 287 1182 l'riderieus
304 1103 451 1204 quidem
468 1100 730 1178 affirmativum
749 1100 786 1174 et
803 1098 977 1174 iteratum
1003 1119 1232 1198 responsum3
1253 1098 1292 1168 at
1309 1117 1397 1169 vero

101 1223 254 1300 Caietana
271 1217 413 1295 nullum
432 1216 580 1292 bmnino
599 1237 812 1316 responsum
828 1213 940 1289 dedit:
957 1235 1077 1314 neque
1096 1235 1143 1286 ex
1160 1235 1290 1287 causae
1305 1209 1398 1285 actis

103 1337 165 1411 erui
189 1338 320 1436 petest,
342 1357 390 1409 an
416 1331 539 1434 alique
557 1331 675 1432 siguo,
697 1333 789 1431 puta
814 1328 942 1422 oculis,
964 1328 1065 1405 vocis
1095 1325 1253 1419 medule,
1288 1328 1394 1419 nutu,

103 1473 298 1527 eonsensum
327 1446 498 1550 explicite
525 1445 758 1548 expresserit.
781 1443 873 1522 Illud
899 1446 1044 1521 tantum
1062 1443 1272 1520 Fridericus
1289 1442 1400 1543 depe-

104 1567 172 1658 suit,
193 1565 299 1659 idest,
324 1563 539 1643 Caletanum
567 1559 745 1638 annulum
771 1586 794 1637 a
828 1560 997 1637 Parecho
1031 1559 1266 1636 benedictum
1302 1559 1339 1634 et
1375 1582 1398 1633 a

104 1707 135 1755 se
167 1680 369 1758 exhibitum
409 1677 566 1755 libenter
607 1675 808 1778 excepisse.
849 1674 1039 1753 Parcchus
1075 1673 1320 1752 nibilominus
1356 1674 1401 1750 ad

104 1795 223 1870 exitum
250 1796 346 1870 ritus
377 1793 566 1896 precessit,
602 1794 639 1867 et
672 1791 815 1891 sponsis
851 1815 893 1866 ac
927 1791 1082 1868 testibus
1120 1789 1395 1882 comitantibus,

104 1913 228 1986 demum
264 1933 434 1986 reversus
470 1907 754 2008 incompositum
795 1907 908 1982 dictat
947 1906 1198 1982 testimenium
1226 1905 1267 1981 iu
1306 1903 1401 1980 libro

104 2023 402 2100 matrimoniorum
437 2024 516 2125 ipso
543 2022 729 2098 Friderice
757 2021 950 2099 scribente.
974 2021 1029 2099 uo
1056 2025 1179 2098 autem
1220 2022 1259 2098 in
1299 2021 1402 2098 testi·

106 2140 209 2216 monio
237 2163 311 2216 uon
337 2120 718 2240 legitur,15arochum
746 2161 898 2239 sponsos
923 2145 1180 2240 c'eterrepessc
1197 2162 1403 2240 eorumque

105 2267 218 2330 artatae
244 2278 429 2331 censensu
466 2255 609 2340 laedite,
639 2255 860 2330 selemniter
886 2277 962 2354 per
997 2255 1111 2330 cerba
1138 2255 1182 2329 de
1200 2257 1403 2355 praesceti

107 2376 333 2449 matrimonio
361 2373 607 2445 coniunctene
635 2367 693 2474 (ut
718 2393 765 2444 ex
791 2365 935 2446 Rituali
955 2370 1066 2446 Rom.
1085 2375 1217 2470 formu
1241 2368 1404 2444 scribere-

106 2483 139 2556 di
161 2492 379 2589 centupetes
419 2485 460 2560 in
488 2483 512 2560 3
538 2482 639 2586 lib.);
662 2485 724 2562 sed
750 2487 907 2578 tautum,
931 2485 1207 2562 matrimonium
1224 2483 1405 2560 Friderici

107 2623 175 2676 cum
198 2603 377 2680 Caietana
402 2600 649 2678 coniunxisse.

171 2719 242 2794 Nee
267 2717 587 2820 praetereundum,
618 2717 683 2794 vix
708 2717 755 2794 ab
795 2715 947 2794 ecclesia
983 2721 1142 2821 egressis
1170 2716 1316 2820 sponsis
1355 2741 1398 2793 ae

106 2833 252 2926 testibus,
283 2831 500 2910 Caietanam
526 2833 569 2909 do
595 2857 671 2910 neu
697 2833 780 2909 dato
808 2858 831 2908 a
857 2859 896 2909 se
924 2831 998 2909 ullo
1024 2857 1196 2935 response
1228 2834 1397 2910 Parocho

108 2945 331 3050 interroganti
357 2945 517 3024 locutam
536 2971 629 3042 esse,
652 2947 781 3024 ceteris
808 2947 1040 3025 audientibus
1062 2952 1100 3024 et
1116 2973 1192 3025 neu
1218 2948 1402 3024 centradi-

107 3063 264 3152 centibus:
294 3065 405 3140 immo
432 3088 506 3141 nou
533 3063 690 3140 defuisse
717 3062 780 3164 qui
808 3062 968 3140 adhaec
1005 3063 1230 3158 subrideret,
1269 3069 1306 3140 et
1342 3066 1406 3166 qui

107 3177 276 3255 silentium
295 3178 364 3256 hac
391 3179 433 3254 de
461 3203 501 3256 re
519 3179 704 3274 indiceret,
738 3178 858 3255 addita
872 3178 1029 3271 ratione,
1052 3202 1098 3255 ne
1126 3204 1216 3257 ansa
1243 3179 1403 3281 cuipiam

110 3290 242 3371 daretur
269 3296 314 3372 ad
343 3294 566 3372 matrimonii
595 3294 802 3372 nullitatem
827 3293 1137 3396 proclamandum.

177 3410 393 3488 Huiusmodi
422 3411 591 3513 auspiciis
618 3411 852 3490 matrimonio
881 3411 973 3487 inite
1001 3435 1068 3488 uec
1095 3411 1235 3514 primus
1260 3413 1406 3492 effluxe-

108 3528 158 3599 rat
180 3525 311 3602 mensis
338 3551 411 3628 quo
438 3527 573 3630 iurgia,
597 3525 840 3604 contumeliae
860 3527 1152 3628 omnigenaeque
1178 3527 1335 3607 iniuriae
1354 3531 1408 3609 lo-

110 3663 178 3715 cum
202 3642 408 3722 babuerunt
434 3667 550 3743 usque
578 3643 623 3719 ad
643 3644 815 3719 uerbera.
855 3643 995 3731 Quibus
1021 3642 1154 3719 mulier
1182 3669 1205 3720 a
1246 3645 1326 3722 viro
1352 3647 1407 3723 la·

110 3755 222 3832 cassita
247 3763 285 3834 et
311 3758 370 3833 vir
397 3757 579 3860 zelotypia
605 3761 707 3834 actus
731 3759 775 3833 ad
803 3758 948 3835 civilem
980 3761 1200 3859 potestatem
1236 3760 1405 3838 deferunt

111 3871 354 3967 querimonias.
372 3872 442 3947 His
470 3874 651 3966 omuibus,
676 3873 806 3949 additis
832 3873 1094 3950 monitionibus
1121 3899 1144 3950 a
1175 3875 1322 3976 proprio
1346 3901 1407 3953 eo-

112 4007 179 4060 rum
202 3987 392 4081 Paroche,
432 3987 525 4064 idest
560 4015 582 4066 a
617 3989 786 4085 Parecho
814 3989 1003 4091 paroeciae
1040 3989 1065 4066 S
1102 3989 1263 4065 fraterne
1291 3991 1402 4084 datis3

113 4099 164 4198 qui
188 4101 349 4204 insuper,
379 4126 446 4204 per
472 4127 512 4180 se
529 4101 689 4197 mulieri,
712 4126 777 4204 per
804 4103 917 4180 alium
945 4107 1066 4180 autem
1095 4103 1184 4198 viro,
1208 4130 1323 4206 grave
1340 4107 1410 4186 du-

112 4213 198 4291 bium
233 4217 409 4294 iniecerat
434 4218 478 4295 de
504 4217 589 4294 initi
615 4217 840 4293 matrimonii
880 4219 1067 4313 firmitate,
1108 4218 1245 4295 laetum
1282 4224 1408 4299 estut

113 4336 183 4428 post
213 4339 371 4432 quatuor
397 4333 542 4410 circiter
569 4357 712 4410 menses
753 4334 1035 4429 amatrimenio
1072 4337 1274 4428 contracto,
1315 4337 1408 4413 idest

113 4445 161 4520 die
184 4448 208 4524 2
233 4447 452 4526 Novembris
474 4446 575 4524 1863
593 4447 772 4526 Caietana
791 4448 970 4550 supplices
989 4448 1256 4526 ecclesiasticae
1274 4450 1407 4529 Curiae

117 4583 222 4656 preces
246 4564 450 4667 porrexerit
477 4566 521 4641 ab
549 4565 618 4642 hee
645 4564 793 4667 proprio
835 4565 1003 4641 Parocho
1044 4569 1225 4657 exaratas,
1266 4571 1308 4643 ut
1336 4593 1407 4644 ma-

116 4675 308 4758 trimonium
336 4679 579 4758 declararetur
607 4679 749 4760 nullum
776 4684 902 4784 utpote
929 4679 1149 4782 clandestine
1168 4681 1403 4761 celebratum.
