3238 4940
611 310 819 363 euremarus.
938 307 941 316 “
1315 291 1376 365 lib

85 415 175 481 cuncte
199 405 371 482 Parocbi
395 431 567 497 mamere,
593 433 665 510 qao
685 419 853 484 cessante
873 410 1043 486 saccedct
1062 418 1103 486 ta
1122 411 1377 514 capellaniam

83 549 183 598 ccccm
210 525 413 599 Paraclcas
440 531 485 598 c'a
513 526 725 626 infinitam,
755 523 969 628 inquiebant
986 551 1060 603 non
1079 553 1121 604 eo
1142 527 1265 603 animo
1284 528 1379 607 haec

83 638 196 738 scripta
221 665 313 731 esse,
345 643 387 717 ut
414 640 581 717 uniretur
608 639 810 745 capellania
827 644 1032 745 paroeciae3
1054 668 1133 736 nec,
1165 645 1197 718 si
1220 643 1372 737 vellent,

82 752 179 828 t'acere
205 755 428 856 potuissent3
458 781 541 832 cum
569 757 726 833 Patroni
754 760 999 858 nonpossint
1028 762 1172 835 mutare
1205 763 1377 837 naturam

83 868 373 969 iurispatronatus
401 873 440 946 et
466 874 631 948 evertere
658 871 777 972 legem
806 872 1054 966 fundationis,
1093 870 1379 954 Clementiae?

83 983 116 1056 dc
138 984 322 1090 Rclc'pc'os.
358 987 560 1073 domitas,
590 990 628 1064 et
660 984 810 1064 coacia-
844 988 952 1066 ch'd.
986 1015 1080 1067 sess,
1114 989 1175 1068 25
1207 1018 1239 1066 c.
1275 989 1304 1067 5
1334 990 1379 1066 dc

83 1101 196 1200 lictor.

144 1220 265 1320 Neque
291 1221 438 1296 obstare
466 1223 603 1314 textus,
635 1222 699 1323 qui
727 1221 899 1322 explicite
929 1223 1105 1314 tradunt,
1146 1222 1380 1324 iuspatrona-

82 1348 128 1406 rus
144 1357 243 1434 posse
263 1334 405 1428 donari,
434 1360 514 1434 cap.
541 1335 776 1439 Sappcstam
794 1337 838 1410 dc
857 1337 1072 1438 inrepatr.,·
1087 1336 1262 1414 eiusmodi
1281 1337 1379 1412 enirn

82 1453 185 1524 textus
211 1448 332 1526 locum
360 1449 507 1540 habere,
540 1453 684 1552 quando
712 1476 784 1528 non
817 1452 939 1527 obstet
970 1452 1030 1527 lex
1065 1451 1302 1529 fundationis:
1338 1455 1380 1525 ut

82 1563 161 1638 enim
187 1565 403 1666 ponderavit
430 1565 468 1642 g,
487 1568 586 1644 acta
604 1568 643 1642 in
663 1568 874 1642 Pistoriae..
896 1566 1231 1669 lartspatrcaatas
1251 1592 1380 1643 coram

82 1677 227 1756 albertino
256 1682 314 1757 die
342 1679 388 1760 31
420 1680 550 1759 blartii
582 1681 681 1759 1628
710 1685 748 1782 ἓ.
773 1681 796 1757 6
819 1711 837 1755 c
860 1683 1029 1784 Amplius
1058 1682 1172 1784 aliqui
1190 1708 1237 1759 ex
1261 1682 1380 1760 domi-

86 1797 165 1871 ›uis
190 1797 418 1889 dubitabant,
451 1822 499 1874 an
526 1799 688 1890 lacobus,
721 1799 865 1874 etiamsi
892 1799 1091 1892 voluisset,
1122 1799 1284 1900 potuerit
1315 1799 1379 1872 im·

85 1914 246 1988 »nutare
270 1917 442 1988 naturam
471 1916 509 1988 et
535 1917 671 1989 statum
700 1913 1059 2015 iurispatronatus...
1083 1916 1121 1988 et
1144 1913 1196 1988 sio
1215 1918 1380 1989 evertere

86 2026 331 2105 »voluntatem
357 2026 611 2104 fundatoris...
634 2032 672 2103 et
695 2029 737 2105 'iu
774 2029 832 2105 bis
865 2028 1032 2104 terminis
1066 2053 1139 2104 nou
1167 2052 1272 2129 posse
1305 2030 1381 2106 Pa-

86 2145 253 2219 ›trouum
279 2143 354 2220 late
381 2143 494 2220 tradit
521 2145 661 2251 Eerret.
693 2145 817 2222 consil.
846 2144 934 2220 134.
959 2145 1123 2245 »Atque
1150 2144 1284 2218 iterum
1315 2144 1379 2218 c'bc'-

83 2255 151 2332 dnn
168 2259 204 2356 ἓ.
227 2260 270 2336 6.
296 2288 314 2331 ‹
338 2258 451 2338 Ratio
470 2283 544 2358 qua
581 2283 654 2336 non
682 2261 799 2360 possit
829 2283 896 2361 per
927 2282 1152 2335 successores
1188 2256 1379 2333 immutari

86 2377 224 2449 >status
250 2374 499 2475 praescriptus
519 2400 541 2450 a
559 2374 750 2450 fundatore
778 2376 814 2449 in
843 2374 1141 2475 inrepatronatus
1160 2375 1238 2447 tota
1257 2371 1378 2472 posita

87 2485 165 2563 »est
189 2491 229 2566 in
254 2488 400 2566 delectu
428 2490 635 2592 potestatis,
668 2515 751 2566 cum
778 2491 883 2564 heres
910 2512 977 2562 nec
1004 2487 1117 2564 etiam
1137 2489 1179 2564 de
1199 2509 1379 2562 consensu

87 2604 290 2682 »Ordinarii
317 2607 437 2707 possit
463 2605 620 2682 alterare
634 2604 863 2683 voluntatem
883 2603 1103 2696 fundatoris,
1126 2603 1188 2677 sed
1206 2599 1273 2676 tali
1292 2625 1379 2676 casu

88 2745 199 2821 »opus
225 2725 323 2796 esset
349 2720 620 2822 dispensatione
648 2719 872 2822 Apostolica.
899 2748 917 2791 a

148 2835 315 2914 Paaoorn
340 2859 444 2913 man.
475 2836 633 2913 Planum
661 2861 741 2911 esse
768 2835 971 2926 dicebatur,
1003 2832 1192 2910 Ordinarii
1223 2831 1381 2908 Decreta

86 2950 305 3049 capellaniam
337 2951 452 3028 fuisse
490 2954 616 3029 datam
656 2951 828 3027 ecclesiae
865 2948 1063 3052 paroeciali
1103 2949 1312 3040 Pascian0,
1344 2948 1383 3021 et

86 3068 234 3162 quamvis
259 3069 404 3145 adiecta
431 3067 544 3144 fuerit
571 3067 743 3143 limitatio
770 3091 964 3169 qccoasqac
992 3089 1069 3140 aaa
1088 3066 1248 3167 patefiat
1267 3064 1381 3138 doca-

86 3195 235 3260 mcatam
262 3185 526 3284 fiendatc’oais,
553 3211 625 3285 qao
654 3189 715 3259 ias
739 3184 1002 3285 dz'pnoscatar,
1026 3181 1123 3258 hanc
1140 3183 1266 3256 tamen
1286 3179 1381 3254 adie-

86 3301 166 3372 ctam
192 3299 436 3374 conditionem
464 3323 653 3392 cessasse,
687 3298 830 3399 quando
858 3295 1013 3372 Patroni
1042 3295 1119 3370 suis
1152 3295 1294 3371 iuribus
1322 3319 1381 3368 re-

87 3411 286 3489 nunciarunt
313 3437 379 3515 per
406 3413 588 3489 clausulas
617 3413 757 3490 duabus
790 3411 1103 3488 nominationibus
1138 3409 1312 3499 adiectaS,
1343 3408 1382 3485 in

87 3551 221 3624 quarum
247 3530 405 3606 secunda
432 3529 671 3605 adiiciebatur
709 3531 862 3603 verbum
897 3533 938 3602 in
974 3527 1198 3626 lapicidam:
1229 3549 1383 3624 earnque

88 3645 381 3720 renunciationem
408 3644 466 3720 vel
496 3644 731 3720 donationem
759 3647 797 3719 in
824 3641 983 3743 acceptis
1012 3641 1176 3716 habitam
1216 3639 1331 3715 luisse
1360 3665 1382 3716 a

89 3755 270 3853 Parachis,
302 3760 357 3835 ita
385 3763 427 3836 ut
453 3760 590 3835 Missae
625 3760 858 3836 celebrandae
899 3760 938 3833 in
978 3757 1147 3859 catalogo
1182 3757 1383 3832 Missarum

90 3876 254 3967 paroeciae
282 3875 480 3976 inscriptae
508 3867 671 3963 fuerint,
705 3879 741 3949 et
774 3874 1126 3949 administrationem
1160 3870 1382 3970 capellaniae

90 3987 269 4065 recidituum
288 4013 401 4091 penes
420 3988 607 4064 Pacoobos
623 3989 749 4081 luisse,
769 4013 859 4089 quas
879 4013 945 4088 ope
963 3985 1170 4090 papoeciani
1191 3985 1382 4062 cuiusdam

90 4099 344 4182 vindicaverant
371 4129 393 4179 a
420 4105 575 4181 Fabrioa
603 4105 641 4182 S.
663 4097 781 4181 Petri.
814 4103 915 4190 Quae
944 4127 1026 4177 oum
1053 4103 1106 4177 ita
1132 4101 1384 4193 sint,.veram

90 4223 250 4312 peractam
276 4243 356 4296 esse
376 4212 559 4294 'unionem
596 4217 820 4320 capellaniae
862 4242 944 4292 cum
983 4215 1136 4298 ecclesia
1167 4213 1376 4316 paroeciali,

90 4349 187 4429 neque
210 4332 364 4435 amplius
406 4333 483 4409 dari
525 4359 630 4433 posse
665 4332 915 4436 poenitentiae
949 4331 1082 4408 locum.
1114 4331 1251 4407 Notum
1284 4329 1383 4406 enim

91 4447 213 4525 esseio
239 4450 331 4544 iure,
364 4449 541 4526 eiusmodi
570 4451 725 4526 uniones
753 4448 938 4542 sustineri,
962 4448 1123 4524 unanime
1146 4449 1176 4524 si
1196 4449 1238 4524 de
1256 4471 1296 4523 re
1315 4447 1384 4523 lai-

93 4559 149 4632 cali
172 4567 309 4664 agatur,
342 4565 543 4641 cuiusmodi
572 4565 692 4642 estin
719 4565 881 4642 themate
916 4563 1145 4666 capellania,
1178 4589 1272 4666 quae
1299 4588 1383 4639 cum

93 4673 260 4757 reducatur
286 4681 331 4758 ad
358 4680 461 4784 pium
489 4678 663 4784 legatum,
697 4703 815 4781 neque
843 4678 982 4783 indiget
1015 4677 1106 4755 iuris
1140 4677 1383 4760 solemnitati·
