3338 4962
177 237 217 310 to
660 257 801 312 telsion
825 259 868 308 ss.
888 257 1002 310 runs.

174 357 302 436 sistere
329 353 624 461 personsdinenle
653 384 675 432 a
700 363 731 432 s‘1
758 354 945 432 desolante
972 353 1184 458 spetiocola
1208 355 1385 436 oeronndo
1403 353 1495 436 ando

173 473 212 550 in
239 477 358 550 estero
387 499 509 576 paese.
525 475 609 580 Ma,
633 499 671 548 se
698 471 843 574 nogioni
870 471 904 546 di
938 471 1012 548 alto
1041 469 1216 548 interesse
1252 472 1423 574 religioso
1450 469 1495 550 Gi

174 588 455 690 oonsiglierono,
478 587 715 665 nell’attuale
742 589 839 664 stolo
867 583 903 661 di
931 611 1027 684 cose,
1064 611 1087 661 a
1126 610 1200 662 non
1240 587 1495 691 abbandoniae

172 729 238 808 per
264 731 330 782 ora
355 711 484 804 questo
511 731 533 780 a
553 704 623 780 Noi
651 701 881 780 dilettissitne
898 701 1002 792 cine,
1021 695 1112 777 Sede
1130 701 1186 785 del
1206 703 1375 781 Rotnano
1394 706 1495 781 Pon-

172 819 401 911 tidentneio
429 842 502 894 non
530 817 820 894 iueerlotnente
849 838 1035 892 sennenn
1078 816 1261 918 singolnre
1302 823 1416 896 troilo
1457 821 1494 896 di

172 935 297 1010 divi-na
325 935 579 1035 provvidenze‚
603 931 760 1009 affinehe
787 931 814 1007 il
842 929 973 1008 mondo
1001 928 1033 1004 si
1062 931 1296 1010 convincesse
1325 933 1381 1011 ool
1400 935 1493 1012 fatto

172 1049 266 1126 della
293 1053 389 1124 sorte
415 1049 505 1124 cn’e
533 1049 713 1124 riservoto
739 1046 811 1124 olln
830 1045 963 1124 Ohiesa
982 1047 1024 1122 ed
1045 1045 1079 1123 d
1098 1047 1268 1124 Romano
1287 1052 1488 1143 Poniefioe,

172 1165 408 1265 ollorqnondo
427 1163 463 1239 lo
481 1163 613 1240 liberte
639 1167 682 1240 ed
710 1163 972 1265 indipendenze
998 1163 1056 1238 del
1082 1188 1251 1264 supremo
1270 1165 1305 1241 di
1324 1165 1375 1242 lni
1396 1167 1493 1269 Apo-

171 1281 304 1358 stoloto
331 1303 450 1382 venga
477 1303 745 1381 cotnpcontessa
771 1279 830 1356 dal
857 1277 999 1355 cetnbio
1025 1278 1063 1355 di
1091 1302 1164 1356 una
1180 1281 1367 1382 posizione
1385 1307 1493 1384 prov-

172 1393 474 1472 videnzielntente
500 1395 669 1472 ordinata
695 1395 741 1470 da
768 1393 852 1470 Dio.
964 1443 967 1450 ·

256 1543 274 1586 s
296 1510 328 1590 Ε
347 1535 448 1586 come
467 1510 600 1602 ditant,
624 1511 715 1612 dopo
734 1509 760 1584 il
777 1532 898 1586 nuovo
926 1509 1050 1584 ordine
1073 1510 1109 1587 di
1128 1536 1222 1604 oose,
1245 1512 1273 1589 il
1291 1512 1396 1616 Papo
1422 1521 1493 1617 pud

171 1626 369 1704 chiantarsi
396 1625 509 1700 libero
536 1625 579 1700 ed
606 1623 885 1726 indipendente‘i
913 1625 996 1700 Non
1023 1625 1130 1701 basta
1159 1626 1218 1702 ch’
1229 1627 1302 1732 egli
1329 1629 1388 1732 pel
1415 1655 1495 1707 mo-

171 1747 294 1818 inento
320 1767 426 1842 possa
451 1741 540 1818 diesi
568 1740 856 1817 moteriahnente
875 1739 988 1816 libero
1005 1739 1101 1818 nelle
1118 1766 1291 1843 persona3
1311 1745 1383 1848 egli
1403 1746 1493 1822 deve

171 1883 288 1934 essere
316 1885 336 1934 e
362 1859 452 1932 deve
478 1857 680 1958 comperire
707 1854 781 1956 egli
809 1854 912 1931 ooohi
940 1856 976 1932 di
1003 1858 1092 1934 tutti
1119 1860 1233 1937 libero
1260 1862 1305 1938 ed
1327 1861 1495 1964 indipen·

171 1974 277 2049 dente
304 1971 569 2050 nell’eseroizio
597 1970 690 2048 della
717 1995 888 2071 suprema
914 1996 982 2048 sue
1008 1975 1183 2051 autoritd.
1215 1973 1290 2052 Ora
1325 1976 1352 2052 il
1388 1979 1495 2080 Papa

171 2112 245 2164 non
273 2095 305 2182 e,
329 2094 375 2164 ne
403 2091 487 2162 sare
514 2086 589 2162 moi
616 2086 729 2164 libero
756 2087 800 2162 ed
825 2086 1097 2189 indipendente,
1121 2091 1242 2170 finohe
1269 2092 1296 2168 il
1324 2117 1494 2194 supremo

171 2205 207 2281 di
235 2205 285 2282 lui
312 2209 437 2306 potere
465 2203 521 2279 sie
547 2205 749 2305 sottoposto
777 2200 849 2279 elle
876 2207 1095 2306 prepotenza
1121 2230 1141 2281 e
1169 2208 1346 2309 oeprioeio
1372 2210 1493 2286 d'una

172 2337 328 2390 evverse
354 2311 529 2404 autoritd3
554 2311 674 2391 finehe
701 2309 727 2387 il
745 2334 811 2386 suo
829 2307 971 2388 elevato
989 2312 1181 2392 ministero
1199 2315 1254 2392 sia
1271 2314 1363 2394 fatto
1381 2339 1492 2418 segne

172 2667 315 2741 ctaeulo
336 2691 411 2768 per
438 2663 520 2741 Nos
549 2671 649 2769 ipsos
677 2665 907 2750 assistendi,
937 2669 980 2740 in
1015 2675 1189 2742 eceteram
1224 2665 1400 2768 aliquam
1434 2683 1494 2739 re-

170 2787 327 2886 qionem
346 2783 501 2880 asylum
519 2787 790 2884 quaeritantes,
804 2782 960 2867 Verum,
972 2785 1009 2856 si
1019 2785 1272 2881 manimipro
1291 2780 1494 2884 reliqionis

171 2887 361 2974 commdde
387 2903 570 2974 momenti
595 2901 766 2972 rationes
793 2905 1021 2984 suaserunt,
1055 2901 1097 2970 in
1121 2902 1324 2996 praesenti
1359 2923 1494 2972 rerum

171 3013 384 3088 conditione
398 3037 475 3087 non
490 3038 568 3087 esse
582 3012 706 3090 Nobis
719 3013 1009 3088 dilectissimam
1024 3016 1139 3086 istum
1157 3011 1306 3102 Urbem,
1321 3013 1495 3090 Romani

172 3128 427 3229 Pontificatus
457 3128 607 3214 Sedem
627 3129 737 3206 modo
764 3129 1076 3230 relinquendam·
1100 3129 1143 3204 id
1173 3139 1270 3203 certe
1305 3155 1385 3204 non
1411 3135 1494 3206 sine

170 3245 328 3347 speciali
354 3243 508 3320 diurnae
517 3243 782 3347 providentiae
801 3245 960 3320 consilio
975 3247 1125 3344 factum
1142 3254 1208 3333 est,
1231 3253 1275 3318 ut
1298 3250 1381 3320 suis
1414 3249 1495 3346 ipse

171 3361 292 3434 oculis
325 3360 426 3435 ordis
454 3365 687 3446 intueretur,
722 3385 914 3462 quaenam
954 3359 1165 3436 Ecclesiam
1195 3358 1495 3464 Romanumque

171 3475 397 3576 Pontificem
419 3500 504 3552 sors
528 3485 696 3561 maneat,
712 3481 749 3552 si
775 3477 928 3578 quondo
955 3481 1131 3578 supremi
1157 3477 1266 3551 illius
1293 3475 1495 3577 Apostolo-

110 3683 113 3688 .
171 3601 233 3665 tus
260 3591 416 3666 libertas
434 3619 478 3667 ac
498 3591 788 3693 independentia
808 3596 849 3665 in
868 3592 1079 3666 discrimen
1097 3595 1225 3665 ueniat
1244 3589 1287 3663 ob
1305 3597 1429 3664 status
1448 3587 1493 3662 ab

171 3712 418 3808 onmipolrnti
444 3708 524 3784 Deo
543 3707 706 3810 provide
733 3711 928 3781 constituti
945 3710 1284 3808 permutationem.

250 3821 300 3899 Ei
326 3848 402 3926 qua
423 3849 516 3898 sane
534 3829 683 3897 ratione
696 3831 784 3924 post
802 3847 944 3896 nouum
962 3843 1094 3902 rerum
1112 3819 1286 3895 ordinem
1306 3818 1493 3918 Pontrfen

164 3949 287 4043 potest
314 3938 480 4015 liberae
507 3939 612 4013 nulli
639 3938 826 4012 subiectus
854 3937 1074 4039 appellari?
1110 3934 1367 4044 Nequaquam
1399 3938 1494 4008 satis

152 4064 240 4138 est,
262 4079 350 4129 eum
376 4054 629 4128 materialiter
648 4075 840 4153 personae
854 4051 1017 4128 liberum
1033 4057 1401 4153 impraesentiarum
1418 4049 1496 4123 dici

164 4193 301 4273 posse:
332 4167 433 4244 debet
462 4172 540 4268 ipse
562 4191 642 4242 esse
675 4177 787 4268 atque
819 4172 993 4241 omnium
1024 4168 1145 4242 oculis
1179 4189 1365 4268 apparere
1396 4163 1494 4240 liber

171 4308 215 4358 uc
243 4284 347 4358 nulli
374 4280 560 4356 obnoxius
589 4286 631 4354 in
657 4305 861 4383 supremae
892 4305 986 4356 suae
1026 4286 1263 4356 auctoritatis
1295 4286 1490 4356 enercitio.

173 4398 259 4476 Iam
287 4423 375 4472 uero
404 4396 592 4498 Pontifecc
619 4421 738 4498 neque
766 4406 843 4481 est,
876 4421 995 4498 neque
1021 4421 1207 4498 umquam
1231 4401 1305 4471 erit
1337 4395 1432 4472 liber
1460 4406 1494 4470 et

175 4513 443 4615 independens,
467 4535 661 4613 quousque
687 4536 869 4614 suprema
884 4516 967 4586 eius
978 4521 1147 4614 potestas
1166 4512 1347 4588 aduersae
1366 4523 1495 4586 aucto-

175 4633 303 4704 ritatis
323 4631 614 4731 praepotentioe
650 4655 693 4704 ue
722 4628 875 4704 libidini
907 4627 1164 4722 subiiciatur;
1183 4653 1377 4734 quousque
1408 4628 1493 4705 sud-
