<?xml version="1.0" encoding="UTF-8"?>
<!DOCTYPE html PUBLIC "-//W3C//DTD XHTML 1.0 Transitional//EN"
    "http://www.w3.org/TR/xhtml1/DTD/xhtml1-transitional.dtd">
<html xmlns="http://www.w3.org/1999/xhtml" xml:lang="en" lang="en">
 <head>
  <title>
</title>
<meta http-equiv="Content-Type" content="text/html;charset=utf-8" />
  <meta name='ocr-system' content='tesseract 3.04.00' />
  <meta name='ocr-capabilities' content='ocr_page ocr_carea ocr_par ocr_line ocrx_word'/>
</head>
<body>
  <div class='ocr_page' id='page_1' title='image "actasanctaesedi04popegoog_0147.png"; bbox 0 0 3238 4940; ppageno 0'>
   <div class='ocr_carea' id='block_1_1' title="bbox 233 289 988 371">
    <p class='ocr_par' dir='ltr' id='par_1_1' title="bbox 233 289 988 371">
     <span class='ocr_line' id='line_1_1' title="bbox 233 289 988 371; baseline 0.009 -7"><span class='ocrx_word' id='word_1_1' title='bbox 233 289 294 365; x_wconf 78' lang='lat' dir='ltr'>lla</span> <span class='ocrx_word' id='word_1_2' title='bbox 781 319 988 371; x_wconf 68' lang='lat' dir='ltr'>carminula.</span> 
     </span>
    </p>
   </div>
   <div class='ocr_carea' id='block_1_2' title="bbox 193 409 1547 3051">
    <p class='ocr_par' dir='ltr' id='par_1_2' title="bbox 193 409 1547 721">
     <span class='ocr_line' id='line_1_2' title="bbox 308 409 1547 520; baseline 0.006 -32"><span class='ocrx_word' id='word_1_3' title='bbox 308 409 381 488; x_wconf 92' lang='lat' dir='ltr'>Hic</span> <span class='ocrx_word' id='word_1_4' title='bbox 407 410 597 490; x_wconf 86' lang='lat' dir='ltr'>Parochns</span> <span class='ocrx_word' id='word_1_5' title='bbox 624 415 842 492; x_wconf 74' lang='lat' dir='ltr'>Benedictus</span> <span class='ocrx_word' id='word_1_6' title='bbox 869 419 915 506; x_wconf 87' lang='lat' dir='ltr'>N,</span> <span class='ocrx_word' id='word_1_7' title='bbox 930 421 1057 520; x_wconf 87' lang='lat' dir='ltr'>postca</span> <span class='ocrx_word' id='word_1_8' title='bbox 1071 417 1337 496; x_wconf 80' lang='lat' dir='ltr'>Canonicatnm</span> <span class='ocrx_word' id='word_1_9' title='bbox 1369 421 1425 497; x_wconf 90' lang='lat' dir='ltr'>est</span> <span class='ocrx_word' id='word_1_10' title='bbox 1453 447 1547 498; x_wconf 85' lang='lat' dir='ltr'>asse-</span> 
     </span>
     <span class='ocr_line' id='line_1_3' title="bbox 193 530 1546 634; baseline 0.007 -31"><span class='ocrx_word' id='word_1_11' title='bbox 193 604 197 615; x_wconf 67' lang='lat'>,</span> <span class='ocrx_word' id='word_1_12' title='bbox 230 530 358 620; x_wconf 89' lang='lat' dir='ltr'>cutus;</span> <span class='ocrx_word' id='word_1_13' title='bbox 387 531 496 630; x_wconf 89' lang='lat' dir='ltr'>atque</span> <span class='ocrx_word' id='word_1_14' title='bbox 524 530 605 608; x_wconf 91' lang='lat' dir='ltr'>ideo</span> <span class='ocrx_word' id='word_1_15' title='bbox 632 532 770 609; x_wconf 77' lang='lat' dir='ltr'>dimisit</span> <span class='ocrx_word' id='word_1_16' title='bbox 796 532 1035 634; x_wconf 81' lang='lat' dir='ltr'>capellaniam</span> <span class='ocrx_word' id='word_1_17' title='bbox 1063 559 1146 611; x_wconf 90' lang='lat' dir='ltr'>cum</span> <span class='ocrx_word' id='word_1_18' title='bbox 1166 535 1356 612; x_wconf 78' lang='lat' dir='ltr'>parochus</span> <span class='ocrx_word' id='word_1_19' title='bbox 1381 561 1462 612; x_wconf 89' lang='lat' dir='ltr'>esse</span> <span class='ocrx_word' id='word_1_20' title='bbox 1479 563 1546 612; x_wconf 91' lang='lat' dir='ltr'>ces-</span> 
     </span>
     <span class='ocr_line' id='line_1_4' title="bbox 231 648 778 721; baseline -0.002 -1"><span class='ocrx_word' id='word_1_21' title='bbox 231 648 361 721; x_wconf 88' lang='lat' dir='ltr'>sasset.</span> <span class='ocrx_word' id='word_1_22' title='bbox 776 673 778 678; x_wconf 94' lang='lat'>·</span> 
     </span>
    </p>

    <p class='ocr_par' dir='ltr' id='par_1_3' title="bbox 230 760 1546 1673">
     <span class='ocr_line' id='line_1_5' title="bbox 310 760 1542 867; baseline 0.003 -30"><span class='ocrx_word' id='word_1_23' title='bbox 310 760 494 837; x_wconf 73' lang='lat' dir='ltr'>Successit</span> <span class='ocrx_word' id='word_1_24' title='bbox 511 761 549 837; x_wconf 92' lang='lat' dir='ltr'>in</span> <span class='ocrx_word' id='word_1_25' title='bbox 568 763 781 865; x_wconf 89' lang='lat' dir='ltr'>paroeciam</span> <span class='ocrx_word' id='word_1_26' title='bbox 800 764 982 840; x_wconf 80' lang='lat' dir='ltr'>Fusciano</span> <span class='ocrx_word' id='word_1_27' title='bbox 1009 763 1213 867; x_wconf 77' lang='lat' dir='ltr'>Presbyter</span> <span class='ocrx_word' id='word_1_28' title='bbox 1244 764 1433 858; x_wconf 84' lang='lat' dir='ltr'>Silvester,</span> <span class='ocrx_word' id='word_1_29' title='bbox 1470 767 1542 866; x_wconf 91' lang='lat' dir='ltr'>qui,</span> 
     </span>
     <span class='ocr_line' id='line_1_6' title="bbox 231 875 1541 982; baseline 0.005 -30"><span class='ocrx_word' id='word_1_30' title='bbox 231 875 446 952; x_wconf 85' lang='lat' dir='ltr'>existimans</span> <span class='ocrx_word' id='word_1_31' title='bbox 465 879 701 978; x_wconf 85' lang='lat' dir='ltr'>capellaniam</span> <span class='ocrx_word' id='word_1_32' title='bbox 721 903 799 956; x_wconf 87' lang='lat' dir='ltr'>esse</span> <span class='ocrx_word' id='word_1_33' title='bbox 818 905 905 956; x_wconf 91' lang='lat' dir='ltr'>vere</span> <span class='ocrx_word' id='word_1_34' title='bbox 922 884 1171 982; x_wconf 89' lang='lat' dir='ltr'>perpetuoque</span> <span class='ocrx_word' id='word_1_35' title='bbox 1186 881 1327 957; x_wconf 90' lang='lat' dir='ltr'>unitam</span> <span class='ocrx_word' id='word_1_36' title='bbox 1341 883 1541 982; x_wconf 82' lang='lat' dir='ltr'>paroeciae,</span> 
     </span>
     <span class='ocr_line' id='line_1_7' title="bbox 232 990 1546 1096; baseline 0.007 -32"><span class='ocrx_word' id='word_1_37' title='bbox 232 992 300 1066; x_wconf 91' lang='lat' dir='ltr'>sibi</span> <span class='ocrx_word' id='word_1_38' title='bbox 324 990 465 1067; x_wconf 83' lang='lat' dir='ltr'>fructus</span> <span class='ocrx_word' id='word_1_39' title='bbox 493 993 592 1071; x_wconf 90' lang='lat' dir='ltr'>illius</span> <span class='ocrx_word' id='word_1_40' title='bbox 624 996 829 1096; x_wconf 84' lang='lat' dir='ltr'>quaesivit:</span> <span class='ocrx_word' id='word_1_41' title='bbox 857 997 920 1070; x_wconf 88' lang='lat' dir='ltr'>sed</span> <span class='ocrx_word' id='word_1_42' title='bbox 944 995 1168 1072; x_wconf 88' lang='lat' dir='ltr'>contrarium</span> <span class='ocrx_word' id='word_1_43' title='bbox 1187 996 1414 1072; x_wconf 83' lang='lat' dir='ltr'>existimavit</span> <span class='ocrx_word' id='word_1_44' title='bbox 1436 998 1546 1073; x_wconf 89' lang='lat' dir='ltr'>Bene-</span> 
     </span>
     <span class='ocr_line' id='line_1_8' title="bbox 230 1107 1546 1209; baseline 0.005 -28"><span class='ocrx_word' id='word_1_45' title='bbox 230 1107 347 1182; x_wconf 87' lang='lat' dir='ltr'>dictus</span> <span class='ocrx_word' id='word_1_46' title='bbox 367 1109 413 1199; x_wconf 90' lang='lat' dir='ltr'>N,</span> <span class='ocrx_word' id='word_1_47' title='bbox 434 1109 496 1208; x_wconf 92' lang='lat' dir='ltr'>qui</span> <span class='ocrx_word' id='word_1_48' title='bbox 516 1109 751 1209; x_wconf 87' lang='lat' dir='ltr'>capellaniam</span> <span class='ocrx_word' id='word_1_49' title='bbox 772 1111 973 1200; x_wconf 76' lang='lat' dir='ltr'>dimiserat,</span> <span class='ocrx_word' id='word_1_50' title='bbox 996 1115 1034 1186; x_wconf 91' lang='lat' dir='ltr'>et</span> <span class='ocrx_word' id='word_1_51' title='bbox 1053 1111 1122 1188; x_wconf 88' lang='lat' dir='ltr'>sibi</span> <span class='ocrx_word' id='word_1_52' title='bbox 1138 1112 1407 1188; x_wconf 81' lang='lat' dir='ltr'>consentientes</span> <span class='ocrx_word' id='word_1_53' title='bbox 1423 1111 1546 1188; x_wconf 88' lang='lat' dir='ltr'>habuit</span> 
     </span>
     <span class='ocr_line' id='line_1_9' title="bbox 231 1221 1545 1329; baseline 0.005 -33"><span class='ocrx_word' id='word_1_54' title='bbox 231 1221 267 1296; x_wconf 92' lang='lat' dir='ltr'>id</span> <span class='ocrx_word' id='word_1_55' title='bbox 284 1224 457 1324; x_wconf 87' lang='lat' dir='ltr'>temporis</span> <span class='ocrx_word' id='word_1_56' title='bbox 485 1225 680 1300; x_wconf 78' lang='lat' dir='ltr'>Patronos</span> <span class='ocrx_word' id='word_1_57' title='bbox 703 1226 817 1301; x_wconf 91' lang='lat' dir='ltr'>Immo</span> <span class='ocrx_word' id='word_1_58' title='bbox 835 1226 946 1300; x_wconf 89' lang='lat' dir='ltr'>iidem</span> <span class='ocrx_word' id='word_1_59' title='bbox 965 1227 1120 1302; x_wconf 88' lang='lat' dir='ltr'>Patroni</span> <span class='ocrx_word' id='word_1_60' title='bbox 1140 1250 1207 1329; x_wconf 89' lang='lat' dir='ltr'>per</span> <span class='ocrx_word' id='word_1_61' title='bbox 1225 1239 1309 1304; x_wconf 89' lang='lat' dir='ltr'>acta</span> <span class='ocrx_word' id='word_1_62' title='bbox 1326 1227 1545 1303; x_wconf 86' lang='lat' dir='ltr'>Tabellionis</span> 
     </span>
     <span class='ocr_line' id='line_1_10' title="bbox 230 1338 1544 1439; baseline 0.005 -28"><span class='ocrx_word' id='word_1_63' title='bbox 230 1338 364 1412; x_wconf 91' lang='lat' dir='ltr'>iterum</span> <span class='ocrx_word' id='word_1_64' title='bbox 383 1339 421 1414; x_wconf 90' lang='lat' dir='ltr'>in</span> <span class='ocrx_word' id='word_1_65' title='bbox 445 1338 672 1439; x_wconf 87' lang='lat' dir='ltr'>capellanum</span> <span class='ocrx_word' id='word_1_66' title='bbox 699 1341 937 1417; x_wconf 86' lang='lat' dir='ltr'>nominarunt</span> <span class='ocrx_word' id='word_1_67' title='bbox 953 1342 1190 1420; x_wconf 88' lang='lat' dir='ltr'>Benedictum</span> <span class='ocrx_word' id='word_1_68' title='bbox 1210 1343 1257 1435; x_wconf 89' lang='lat' dir='ltr'>N,</span> <span class='ocrx_word' id='word_1_69' title='bbox 1282 1343 1362 1419; x_wconf 91' lang='lat' dir='ltr'>eius</span> <span class='ocrx_word' id='word_1_70' title='bbox 1382 1342 1460 1418; x_wconf 88' lang='lat' dir='ltr'>vita</span> <span class='ocrx_word' id='word_1_71' title='bbox 1486 1369 1544 1418; x_wconf 89' lang='lat' dir='ltr'>na·</span> 
     </span>
     <span class='ocr_line' id='line_1_11' title="bbox 230 1452 1546 1556; baseline 0.006 -30"><span class='ocrx_word' id='word_1_72' title='bbox 230 1452 340 1528; x_wconf 90' lang='lat' dir='ltr'>turali</span> <span class='ocrx_word' id='word_1_73' title='bbox 367 1454 533 1545; x_wconf 87' lang='lat' dir='ltr'>durante,</span> <span class='ocrx_word' id='word_1_74' title='bbox 565 1455 706 1556; x_wconf 90' lang='lat' dir='ltr'>sibique</span> <span class='ocrx_word' id='word_1_75' title='bbox 733 1456 881 1555; x_wconf 87' lang='lat' dir='ltr'>suisque</span> <span class='ocrx_word' id='word_1_76' title='bbox 910 1455 1125 1532; x_wconf 88' lang='lat' dir='ltr'>haeredibus</span> <span class='ocrx_word' id='word_1_77' title='bbox 1145 1459 1184 1530; x_wconf 89' lang='lat' dir='ltr'>et</span> <span class='ocrx_word' id='word_1_78' title='bbox 1201 1458 1474 1534; x_wconf 85' lang='lat' dir='ltr'>successoribus</span> <span class='ocrx_word' id='word_1_79' title='bbox 1493 1483 1546 1534; x_wconf 86' lang='lat' dir='ltr'>re-</span> 
     </span>
     <span class='ocr_line' id='line_1_12' title="bbox 230 1570 1538 1673; baseline 0.005 -31"><span class='ocrx_word' id='word_1_80' title='bbox 230 1572 417 1645; x_wconf 86' lang='lat' dir='ltr'>servantes</span> <span class='ocrx_word' id='word_1_81' title='bbox 445 1573 528 1670; x_wconf 88' lang='lat' dir='ltr'>post</span> <span class='ocrx_word' id='word_1_82' title='bbox 546 1570 626 1646; x_wconf 87' lang='lat' dir='ltr'>eius</span> <span class='ocrx_word' id='word_1_83' title='bbox 645 1575 798 1647; x_wconf 89' lang='lat' dir='ltr'>mortem</span> <span class='ocrx_word' id='word_1_84' title='bbox 818 1571 970 1646; x_wconf 89' lang='lat' dir='ltr'>liberam</span> <span class='ocrx_word' id='word_1_85' title='bbox 998 1571 1222 1673; x_wconf 87' lang='lat' dir='ltr'>capellaniae</span> <span class='ocrx_word' id='word_1_86' title='bbox 1240 1572 1538 1650; x_wconf 87' lang='lat' dir='ltr'>nominationem.</span> 
     </span>
    </p>

    <p class='ocr_par' dir='ltr' id='par_1_4' title="bbox 229 1681 1541 2015">
     <span class='ocr_line' id='line_1_13' title="bbox 309 1681 1541 1786; baseline 0.002 -27"><span class='ocrx_word' id='word_1_87' title='bbox 309 1683 378 1759; x_wconf 87' lang='lat' dir='ltr'>His</span> <span class='ocrx_word' id='word_1_88' title='bbox 405 1681 513 1760; x_wconf 86' lang='lat' dir='ltr'>factis</span> <span class='ocrx_word' id='word_1_89' title='bbox 539 1707 613 1759; x_wconf 89' lang='lat' dir='ltr'>non</span> <span class='ocrx_word' id='word_1_90' title='bbox 640 1685 824 1785; x_wconf 86' lang='lat' dir='ltr'>acquievit</span> <span class='ocrx_word' id='word_1_91' title='bbox 851 1684 1028 1766; x_wconf 85' lang='lat' dir='ltr'>Silvester</span> <span class='ocrx_word' id='word_1_92' title='bbox 1067 1689 1178 1786; x_wconf 85' lang='lat' dir='ltr'>atque</span> <span class='ocrx_word' id='word_1_93' title='bbox 1218 1685 1302 1762; x_wconf 91' lang='lat' dir='ltr'>inde</span> <span class='ocrx_word' id='word_1_94' title='bbox 1334 1688 1541 1785; x_wconf 89' lang='lat' dir='ltr'>quaestiun-</span> 
     </span>
     <span class='ocr_line' id='line_1_14' title="bbox 230 1798 1539 1916; baseline 0.003 -42"><span class='ocrx_word' id='word_1_95' title='bbox 230 1798 311 1874; x_wconf 86' lang='lat' dir='ltr'>cula&#39;</span> <span class='ocrx_word' id='word_1_96' title='bbox 330 1803 412 1874; x_wconf 90' lang='lat' dir='ltr'>orta</span> <span class='ocrx_word' id='word_1_97' title='bbox 429 1803 486 1874; x_wconf 88' lang='lat' dir='ltr'>est</span> <span class='ocrx_word' id='word_1_98' title='bbox 504 1799 602 1874; x_wconf 89' lang='lat' dir='ltr'>inter</span> <span class='ocrx_word' id='word_1_99' title='bbox 626 1799 865 1876; x_wconf 79' lang='lat' dir='ltr'>Benerlictnm</span> <span class='ocrx_word' id='word_1_100' title='bbox 893 1804 931 1875; x_wconf 90' lang='lat' dir='ltr'>et</span> <span class='ocrx_word' id='word_1_101' title='bbox 958 1798 1177 1876; x_wconf 88' lang='lat' dir='ltr'>Silvestrum</span> <span class='ocrx_word' id='word_1_102' title='bbox 1194 1802 1233 1875; x_wconf 89' lang='lat' dir='ltr'>et</span> <span class='ocrx_word' id='word_1_103' title='bbox 1250 1823 1373 1876; x_wconf 91' lang='lat' dir='ltr'>coram</span> <span class='ocrx_word' id='word_1_104' title='bbox 1392 1801 1486 1916; x_wconf 49' lang='lat' dir='ltr'>QG.</span> <span class='ocrx_word' id='word_1_105' title='bbox 1501 1801 1539 1878; x_wconf 82' lang='lat' dir='ltr'>C.</span> 
     </span>
     <span class='ocr_line' id='line_1_15' title="bbox 229 1914 432 2015; baseline 0.005 -27"><span class='ocrx_word' id='word_1_106' title='bbox 229 1914 432 2015; x_wconf 85' lang='lat' dir='ltr'>proposita.</span> 
     </span>
    </p>

    <p class='ocr_par' dir='ltr' id='par_1_5' title="bbox 228 2027 1542 2706">
     <span class='ocr_line' id='line_1_16' title="bbox 308 2027 1541 2132; baseline 0.001 -25"><span class='ocrx_word' id='word_1_107' title='bbox 308 2031 477 2131; x_wconf 84' lang='lat' dir='ltr'>Rogatus</span> <span class='ocrx_word' id='word_1_108' title='bbox 504 2028 747 2122; x_wconf 84' lang='lat' dir='ltr'>Ordinarius,</span> <span class='ocrx_word' id='word_1_109' title='bbox 779 2031 841 2131; x_wconf 90' lang='lat' dir='ltr'>qui</span> <span class='ocrx_word' id='word_1_110' title='bbox 864 2031 1001 2108; x_wconf 71' lang='lat' dir='ltr'>&#39;adhuc</span> <span class='ocrx_word' id='word_1_111' title='bbox 1027 2032 1221 2132; x_wconf 85' lang='lat' dir='ltr'>ignorabat</span> <span class='ocrx_word' id='word_1_112' title='bbox 1247 2027 1472 2108; x_wconf 87' lang='lat' dir='ltr'>fundationis</span> <span class='ocrx_word' id='word_1_113' title='bbox 1498 2032 1541 2109; x_wconf 89' lang='lat' dir='ltr'>le-</span> 
     </span>
     <span class='ocr_line' id='line_1_17' title="bbox 229 2145 1539 2246; baseline 0.003 -27"><span class='ocrx_word' id='word_1_114' title='bbox 229 2169 325 2246; x_wconf 82' lang='lat' dir='ltr'>gem,</span> <span class='ocrx_word' id='word_1_115' title='bbox 358 2145 564 2222; x_wconf 81' lang='lat' dir='ltr'>incaluit</span> <span class='ocrx_word' id='word_1_116' title='bbox 596 2147 769 2246; x_wconf 89' lang='lat' dir='ltr'>opinione</span> <span class='ocrx_word' id='word_1_117' title='bbox 796 2150 838 2222; x_wconf 89' lang='lat' dir='ltr'>ut</span> <span class='ocrx_word' id='word_1_118' title='bbox 865 2151 1075 2223; x_wconf 88' lang='lat' dir='ltr'>servaretur</span> <span class='ocrx_word' id='word_1_119' title='bbox 1108 2147 1304 2223; x_wconf 89' lang='lat' dir='ltr'>Decretum</span> <span class='ocrx_word' id='word_1_120' title='bbox 1342 2146 1477 2224; x_wconf 87' lang='lat' dir='ltr'>factum</span> <span class='ocrx_word' id='word_1_121' title='bbox 1504 2149 1539 2223; x_wconf 91' lang='lat' dir='ltr'>in</span> 
     </span>
     <span class='ocr_line' id='line_1_18' title="bbox 229 2259 1541 2363; baseline 0.002 -27"><span class='ocrx_word' id='word_1_122' title='bbox 229 2265 313 2337; x_wconf 90' lang='lat' dir='ltr'>actu</span> <span class='ocrx_word' id='word_1_123' title='bbox 342 2285 374 2337; x_wconf 81' lang='lat' dir='ltr'>S.</span> <span class='ocrx_word' id='word_1_124' title='bbox 393 2259 641 2355; x_wconf 84' lang='lat' dir='ltr'>Visitationis,</span> <span class='ocrx_word' id='word_1_125' title='bbox 665 2261 778 2337; x_wconf 89' lang='lat' dir='ltr'>donec</span> <span class='ocrx_word' id='word_1_126' title='bbox 795 2285 870 2338; x_wconf 90' lang='lat' dir='ltr'>non</span> <span class='ocrx_word' id='word_1_127' title='bbox 889 2261 1079 2363; x_wconf 86' lang='lat' dir='ltr'>patefieret</span> <span class='ocrx_word' id='word_1_128' title='bbox 1096 2261 1156 2337; x_wconf 89' lang='lat' dir='ltr'>lex</span> <span class='ocrx_word' id='word_1_129' title='bbox 1174 2259 1417 2338; x_wconf 86' lang='lat' dir='ltr'>fundationis:</span> <span class='ocrx_word' id='word_1_130' title='bbox 1437 2263 1541 2338; x_wconf 92' lang='lat' dir='ltr'>immo</span> 
     </span>
     <span class='ocr_line' id='line_1_19' title="bbox 228 2373 1541 2478; baseline 0.003 -28"><span class='ocrx_word' id='word_1_131' title='bbox 228 2373 423 2451; x_wconf 89' lang='lat' dir='ltr'>adiiciebat</span> <span class='ocrx_word' id='word_1_132' title='bbox 449 2398 523 2450; x_wconf 90' lang='lat' dir='ltr'>non</span> <span class='ocrx_word' id='word_1_133' title='bbox 550 2379 734 2466; x_wconf 87' lang='lat' dir='ltr'>constare,</span> <span class='ocrx_word' id='word_1_134' title='bbox 766 2401 841 2470; x_wconf 88' lang='lat' dir='ltr'>eos,</span> <span class='ocrx_word' id='word_1_135' title='bbox 874 2377 937 2478; x_wconf 91' lang='lat' dir='ltr'>qui</span> <span class='ocrx_word' id='word_1_136' title='bbox 964 2377 1142 2451; x_wconf 89' lang='lat' dir='ltr'>hactenus</span> <span class='ocrx_word' id='word_1_137' title='bbox 1162 2376 1206 2452; x_wconf 89' lang='lat' dir='ltr'>ad</span> <span class='ocrx_word' id='word_1_138' title='bbox 1225 2375 1465 2477; x_wconf 89' lang='lat' dir='ltr'>capellaniam</span> <span class='ocrx_word' id='word_1_139' title='bbox 1486 2403 1541 2454; x_wconf 93' lang='lat' dir='ltr'>no·</span> 
     </span>
     <span class='ocr_line' id='line_1_20' title="bbox 228 2489 1542 2590; baseline 0.002 -25"><span class='ocrx_word' id='word_1_140' title='bbox 228 2492 475 2583; x_wconf 83' lang='lat' dir='ltr'>minaverant,</span> <span class='ocrx_word' id='word_1_141' title='bbox 494 2491 710 2566; x_wconf 88' lang='lat' dir='ltr'>descendere</span> <span class='ocrx_word' id='word_1_142' title='bbox 736 2517 783 2566; x_wconf 81' lang='lat' dir='ltr'>ex</span> <span class='ocrx_word' id='word_1_143' title='bbox 810 2491 907 2566; x_wconf 89' lang='lat' dir='ltr'>linea</span> <span class='ocrx_word' id='word_1_144' title='bbox 933 2489 1150 2584; x_wconf 75' lang='lat' dir='ltr'>sandalaria,</span> <span class='ocrx_word' id='word_1_145' title='bbox 1183 2490 1334 2590; x_wconf 91' lang='lat' dir='ltr'>ideoque</span> <span class='ocrx_word' id='word_1_146' title='bbox 1361 2514 1436 2565; x_wconf 91' lang='lat' dir='ltr'>non</span> <span class='ocrx_word' id='word_1_147' title='bbox 1462 2515 1542 2567; x_wconf 90' lang='lat' dir='ltr'>con-</span> 
     </span>
     <span class='ocr_line' id='line_1_21' title="bbox 228 2604 995 2706; baseline -0.003 -24"><span class='ocrx_word' id='word_1_148' title='bbox 228 2611 326 2682; x_wconf 89' lang='lat' dir='ltr'>stare</span> <span class='ocrx_word' id='word_1_149' title='bbox 354 2630 415 2681; x_wconf 91' lang='lat' dir='ltr'>eos</span> <span class='ocrx_word' id='word_1_150' title='bbox 441 2629 520 2681; x_wconf 83' lang='lat' dir='ltr'>esse</span> <span class='ocrx_word' id='word_1_151' title='bbox 547 2604 772 2706; x_wconf 89' lang='lat' dir='ltr'>capellaniae</span> <span class='ocrx_word' id='word_1_152' title='bbox 798 2607 995 2683; x_wconf 88' lang='lat' dir='ltr'>Patronos.</span> 
     </span>
    </p>

    <p class='ocr_par' dir='ltr' id='par_1_6' title="bbox 229 2719 1541 3051">
     <span class='ocr_line' id='line_1_22' title="bbox 307 2719 1540 2821; baseline -0.002 -23"><span class='ocrx_word' id='word_1_153' title='bbox 307 2722 391 2798; x_wconf 93' lang='lat' dir='ltr'>Huc</span> <span class='ocrx_word' id='word_1_154' title='bbox 416 2743 456 2796; x_wconf 92' lang='lat' dir='ltr'>re</span> <span class='ocrx_word' id='word_1_155' title='bbox 482 2724 685 2821; x_wconf 89' lang='lat' dir='ltr'>perventa,</span> <span class='ocrx_word' id='word_1_156' title='bbox 717 2722 760 2798; x_wconf 90' lang='lat' dir='ltr'>de</span> <span class='ocrx_word' id='word_1_157' title='bbox 787 2744 888 2798; x_wconf 89' lang='lat' dir='ltr'>more</span> <span class='ocrx_word' id='word_1_158' title='bbox 915 2721 955 2796; x_wconf 90' lang='lat' dir='ltr'>in</span> <span class='ocrx_word' id='word_1_159' title='bbox 982 2719 1191 2799; x_wconf 89' lang='lat' dir='ltr'>Secretaria</span> <span class='ocrx_word' id='word_1_160' title='bbox 1215 2719 1254 2798; x_wconf 89' lang='lat' dir='ltr'>S.</span> <span class='ocrx_word' id='word_1_161' title='bbox 1276 2719 1320 2796; x_wconf 83' lang='lat' dir='ltr'>O.</span> <span class='ocrx_word' id='word_1_162' title='bbox 1341 2719 1385 2798; x_wconf 85' lang='lat' dir='ltr'>C.</span> <span class='ocrx_word' id='word_1_163' title='bbox 1415 2723 1540 2800; x_wconf 88' lang='lat' dir='ltr'>Decre-</span> 
     </span>
     <span class='ocr_line' id='line_1_23' title="bbox 229 2825 1541 2938; baseline -0.002 -26"><span class='ocrx_word' id='word_1_164' title='bbox 229 2839 309 2912; x_wconf 89' lang='lat' dir='ltr'>tum</span> <span class='ocrx_word' id='word_1_165' title='bbox 335 2835 480 2938; x_wconf 90' lang='lat' dir='ltr'>prodiit,</span> <span class='ocrx_word' id='word_1_166' title='bbox 513 2825 696 2911; x_wconf 78' lang='lat' dir='ltr'>Pouotur</span> <span class='ocrx_word' id='word_1_167' title='bbox 722 2842 765 2910; x_wconf 81' lang='lat' dir='ltr'>iu</span> <span class='ocrx_word' id='word_1_168' title='bbox 788 2832 900 2937; x_wconf 66' lang='lat' dir='ltr'>folio,</span> <span class='ocrx_word' id='word_1_169' title='bbox 930 2839 1041 2938; x_wconf 90' lang='lat' dir='ltr'>atque</span> <span class='ocrx_word' id='word_1_170' title='bbox 1067 2833 1286 2936; x_wconf 83' lang='lat' dir='ltr'>rescriptum</span> <span class='ocrx_word' id='word_1_171' title='bbox 1315 2837 1372 2910; x_wconf 88' lang='lat' dir='ltr'>est</span> <span class='ocrx_word' id='word_1_172' title='bbox 1400 2835 1541 2912; x_wconf 89' lang='lat' dir='ltr'>Ordina-</span> 
     </span>
     <span class='ocr_line' id='line_1_24' title="bbox 230 2948 1536 3051; baseline -0.001 -25"><span class='ocrx_word' id='word_1_173' title='bbox 230 2950 298 3044; x_wconf 89' lang='lat' dir='ltr'>ri0,</span> <span class='ocrx_word' id='word_1_174' title='bbox 331 2954 371 3026; x_wconf 83' lang='lat' dir='ltr'>ut</span> <span class='ocrx_word' id='word_1_175' title='bbox 397 2953 520 3051; x_wconf 87' lang='lat' dir='ltr'>partes</span> <span class='ocrx_word' id='word_1_176' title='bbox 548 2953 714 3029; x_wconf 82' lang='lat' dir='ltr'>moneret</span> <span class='ocrx_word' id='word_1_177' title='bbox 740 2952 786 3027; x_wconf 89' lang='lat' dir='ltr'>ad</span> <span class='ocrx_word' id='word_1_178' title='bbox 813 2952 1019 3028; x_wconf 91' lang='lat' dir='ltr'>deducenda</span> <span class='ocrx_word' id='word_1_179' title='bbox 1036 2974 1106 3026; x_wconf 85' lang='lat' dir='ltr'>sua</span> <span class='ocrx_word' id='word_1_180' title='bbox 1128 2950 1209 3027; x_wconf 87' lang='lat' dir='ltr'>iura</span> <span class='ocrx_word' id='word_1_181' title='bbox 1228 2974 1352 3026; x_wconf 89' lang='lat' dir='ltr'>coram</span> <span class='ocrx_word' id='word_1_182' title='bbox 1371 2950 1412 3028; x_wconf 86' lang='lat' dir='ltr'>S.</span> <span class='ocrx_word' id='word_1_183' title='bbox 1434 2951 1476 3030; x_wconf 84' lang='lat' dir='ltr'>O.</span> <span class='ocrx_word' id='word_1_184' title='bbox 1496 2948 1536 3026; x_wconf 84' lang='lat' dir='ltr'>O.</span> 
     </span>
    </p>
   </div>
   <div class='ocr_carea' id='block_1_3' title="bbox 640 3178 1258 3265">
    <p class='ocr_par' dir='ltr' id='par_1_7' title="bbox 640 3178 1258 3265">
     <span class='ocr_line' id='line_1_25' title="bbox 640 3178 1258 3265; baseline -0.01 -29"><span class='ocrx_word' id='word_1_185' title='bbox 640 3181 892 3251; x_wconf 66' lang='lat' dir='ltr'>”racematio</span> <span class='ocrx_word' id='word_1_186' title='bbox 912 3181 1136 3265; x_wconf 60' lang='lat' dir='ltr'>synoptico.</span> <span class='ocrx_word' id='word_1_187' title='bbox 1254 3178 1258 3194; x_wconf 64' lang='lat'>³</span> 
     </span>
    </p>
   </div>
   <div class='ocr_carea' id='block_1_4' title="bbox 227 3370 1540 4748">
    <p class='ocr_par' dir='ltr' id='par_1_8' title="bbox 230 3370 1540 3822">
     <span class='ocr_line' id='line_1_26' title="bbox 309 3370 1539 3476; baseline -0.005 -26"><span class='ocrx_word' id='word_1_188' title='bbox 309 3374 706 3452; x_wconf 77' lang='lat' dir='ltr'>lona.Parnouonou.</span> <span class='ocrx_word' id='word_1_189' title='bbox 737 3373 894 3452; x_wconf 89' lang='lat' dir='ltr'>Patroni</span> <span class='ocrx_word' id='word_1_190' title='bbox 922 3376 959 3450; x_wconf 89' lang='lat' dir='ltr'>et</span> <span class='ocrx_word' id='word_1_191' title='bbox 985 3371 1197 3476; x_wconf 87' lang='lat' dir='ltr'>capellanus</span> <span class='ocrx_word' id='word_1_192' title='bbox 1222 3370 1440 3449; x_wconf 88' lang='lat' dir='ltr'>Dominicus</span> <span class='ocrx_word' id='word_1_193' title='bbox 1466 3371 1539 3446; x_wconf 89' lang='lat' dir='ltr'>iura</span> 
     </span>
     <span class='ocr_line' id='line_1_27' title="bbox 230 3484 1540 3592; baseline -0.009 -24"><span class='ocrx_word' id='word_1_194' title='bbox 230 3514 388 3592; x_wconf 88' lang='lat' dir='ltr'>suaper</span> <span class='ocrx_word' id='word_1_195' title='bbox 414 3489 645 3566; x_wconf 82' lang='lat' dir='ltr'>Causidicum</span> <span class='ocrx_word' id='word_1_196' title='bbox 673 3491 929 3582; x_wconf 85' lang='lat' dir='ltr'>deduxerunt,</span> <span class='ocrx_word' id='word_1_197' title='bbox 960 3514 1054 3588; x_wconf 91' lang='lat' dir='ltr'>quae</span> <span class='ocrx_word' id='word_1_198' title='bbox 1086 3487 1220 3588; x_wconf 86' lang='lat' dir='ltr'>raptim</span> <span class='ocrx_word' id='word_1_199' title='bbox 1253 3484 1434 3582; x_wconf 82' lang='lat' dir='ltr'>ianuam,</span> <span class='ocrx_word' id='word_1_200' title='bbox 1466 3508 1540 3563; x_wconf 89' lang='lat' dir='ltr'>cum</span> 
     </span>
     <span class='ocr_line' id='line_1_28' title="bbox 230 3600 1537 3707; baseline -0.006 -26"><span class='ocrx_word' id='word_1_201' title='bbox 230 3606 272 3681; x_wconf 91' lang='lat' dir='ltr'>de</span> <span class='ocrx_word' id='word_1_202' title='bbox 299 3605 514 3706; x_wconf 88' lang='lat' dir='ltr'>quaestione</span> <span class='ocrx_word' id='word_1_203' title='bbox 541 3609 685 3706; x_wconf 80' lang='lat' dir='ltr'>agatur,</span> <span class='ocrx_word' id='word_1_204' title='bbox 717 3631 810 3707; x_wconf 87' lang='lat' dir='ltr'>quae</span> <span class='ocrx_word' id='word_1_205' title='bbox 830 3603 947 3680; x_wconf 81' lang='lat' dir='ltr'>facilis</span> <span class='ocrx_word' id='word_1_206' title='bbox 966 3601 1157 3680; x_wconf 88' lang='lat' dir='ltr'>solutionis</span> <span class='ocrx_word' id='word_1_207' title='bbox 1184 3605 1241 3677; x_wconf 88' lang='lat' dir='ltr'>est</span> <span class='ocrx_word' id='word_1_208' title='bbox 1267 3606 1462 3704; x_wconf 87' lang='lat' dir='ltr'>postquam</span> <span class='ocrx_word' id='word_1_209' title='bbox 1486 3600 1537 3676; x_wconf 83' lang='lat' dir='ltr'>lev</span> 
     </span>
     <span class='ocr_line' id='line_1_29' title="bbox 230 3717 1477 3822; baseline -0.002 -27"><span class='ocrx_word' id='word_1_210' title='bbox 230 3720 454 3797; x_wconf 80' lang='lat' dir='ltr'>fundationis</span> <span class='ocrx_word' id='word_1_211' title='bbox 480 3721 666 3822; x_wconf 75' lang='lat' dir='ltr'>patefacta</span> <span class='ocrx_word' id='word_1_212' title='bbox 691 3721 763 3798; x_wconf 89' lang='lat' dir='ltr'>fuit</span> <span class='ocrx_word' id='word_1_213' title='bbox 790 3747 812 3796; x_wconf 93' lang='lat' dir='ltr'>a</span> <span class='ocrx_word' id='word_1_214' title='bbox 839 3721 1014 3798; x_wconf 86' lang='lat' dir='ltr'>Patronis</span> <span class='ocrx_word' id='word_1_215' title='bbox 1041 3741 1152 3819; x_wconf 90' lang='lat' dir='ltr'>quam</span> <span class='ocrx_word' id='word_1_216' title='bbox 1178 3717 1285 3793; x_wconf 92' lang='lat' dir='ltr'>initio</span> <span class='ocrx_word' id='word_1_217' title='bbox 1312 3719 1477 3819; x_wconf 87' lang='lat' dir='ltr'>exposui.</span> 
     </span>
    </p>

    <p class='ocr_par' dir='ltr' id='par_1_9' title="bbox 227 3831 1537 4399">
     <span class='ocr_line' id='line_1_30' title="bbox 308 3831 1537 3939; baseline -0.008 -24"><span class='ocrx_word' id='word_1_218' title='bbox 308 3838 465 3916; x_wconf 86' lang='lat' dir='ltr'>Patroni</span> <span class='ocrx_word' id='word_1_219' title='bbox 491 3839 618 3939; x_wconf 88' lang='lat' dir='ltr'>itaque</span> <span class='ocrx_word' id='word_1_220' title='bbox 644 3840 702 3914; x_wconf 91' lang='lat' dir='ltr'>ius</span> <span class='ocrx_word' id='word_1_221' title='bbox 731 3838 943 3914; x_wconf 87' lang='lat' dir='ltr'>nominandi</span> <span class='ocrx_word' id='word_1_222' title='bbox 962 3836 1032 3912; x_wconf 88' lang='lat' dir='ltr'>sibi</span> <span class='ocrx_word' id='word_1_223' title='bbox 1060 3835 1298 3911; x_wconf 87' lang='lat' dir='ltr'>vindicabant</span> <span class='ocrx_word' id='word_1_224' title='bbox 1315 3859 1362 3910; x_wconf 85' lang='lat' dir='ltr'>ex</span> <span class='ocrx_word' id='word_1_225' title='bbox 1381 3859 1425 3910; x_wconf 90' lang='lat' dir='ltr'>ea</span> <span class='ocrx_word' id='word_1_226' title='bbox 1442 3831 1537 3935; x_wconf 83' lang='lat' dir='ltr'>gravi</span> 
     </span>
     <span class='ocr_line' id='line_1_31' title="bbox 227 3948 1537 4054; baseline -0.004 -26"><span class='ocrx_word' id='word_1_227' title='bbox 227 3953 381 4044; x_wconf 88' lang='lat' dir='ltr'>ratione,</span> <span class='ocrx_word' id='word_1_228' title='bbox 413 3953 509 4052; x_wconf 92' lang='lat' dir='ltr'>quod</span> <span class='ocrx_word' id='word_1_229' title='bbox 536 3978 643 4030; x_wconf 90' lang='lat' dir='ltr'>nemo</span> <span class='ocrx_word' id='word_1_230' title='bbox 669 3977 832 4054; x_wconf 84' lang='lat' dir='ltr'>unquam</span> <span class='ocrx_word' id='word_1_231' title='bbox 858 3951 1042 4028; x_wconf 87' lang='lat' dir='ltr'>inficiatus</span> <span class='ocrx_word' id='word_1_232' title='bbox 1070 3948 1181 4025; x_wconf 89' lang='lat' dir='ltr'>fuerit</span> <span class='ocrx_word' id='word_1_233' title='bbox 1207 3973 1334 4024; x_wconf 88' lang='lat' dir='ltr'>earum</span> <span class='ocrx_word' id='word_1_234' title='bbox 1367 3949 1537 4050; x_wconf 77' lang='lat' dir='ltr'>originem</span> 
     </span>
     <span class='ocr_line' id='line_1_32' title="bbox 228 4061 1534 4168; baseline -0.006 -24"><span class='ocrx_word' id='word_1_235' title='bbox 228 4095 250 4144; x_wconf 89' lang='lat' dir='ltr'>a</span> <span class='ocrx_word' id='word_1_236' title='bbox 277 4067 469 4144; x_wconf 87' lang='lat' dir='ltr'>fundatore</span> <span class='ocrx_word' id='word_1_237' title='bbox 496 4069 689 4160; x_wconf 90' lang='lat' dir='ltr'>Leonardi,</span> <span class='ocrx_word' id='word_1_238' title='bbox 721 4072 759 4146; x_wconf 89' lang='lat' dir='ltr'>et</span> <span class='ocrx_word' id='word_1_239' title='bbox 785 4068 882 4168; x_wconf 89' lang='lat' dir='ltr'>quod</span> <span class='ocrx_word' id='word_1_240' title='bbox 909 4065 1134 4168; x_wconf 88' lang='lat' dir='ltr'>impossibile</span> <span class='ocrx_word' id='word_1_241' title='bbox 1162 4068 1271 4159; x_wconf 86' lang='lat' dir='ltr'>esset,</span> <span class='ocrx_word' id='word_1_242' title='bbox 1296 4069 1338 4141; x_wconf 86' lang='lat' dir='ltr'>ut</span> <span class='ocrx_word' id='word_1_243' title='bbox 1365 4061 1534 4141; x_wconf 87' lang='lat' dir='ltr'>eiusmodi</span> 
     </span>
     <span class='ocr_line' id='line_1_33' title="bbox 227 4176 1537 4284; baseline -0.008 -24"><span class='ocrx_word' id='word_1_244' title='bbox 227 4185 285 4260; x_wconf 91' lang='lat' dir='ltr'>ius</span> <span class='ocrx_word' id='word_1_245' title='bbox 312 4183 523 4260; x_wconf 84' lang='lat' dir='ltr'>norninandi</span> <span class='ocrx_word' id='word_1_246' title='bbox 549 4208 615 4284; x_wconf 85' lang='lat' dir='ltr'>per</span> <span class='ocrx_word' id='word_1_247' title='bbox 641 4189 696 4260; x_wconf 87' lang='lat' dir='ltr'>tot</span> <span class='ocrx_word' id='word_1_248' title='bbox 724 4208 841 4260; x_wconf 89' lang='lat' dir='ltr'>annos</span> <span class='ocrx_word' id='word_1_249' title='bbox 881 4186 994 4282; x_wconf 87' lang='lat' dir='ltr'>atque</span> <span class='ocrx_word' id='word_1_250' title='bbox 1030 4205 1094 4282; x_wconf 86' lang='lat' dir='ltr'>per</span> <span class='ocrx_word' id='word_1_251' title='bbox 1128 4182 1185 4256; x_wconf 89' lang='lat' dir='ltr'>tot</span> <span class='ocrx_word' id='word_1_252' title='bbox 1210 4177 1480 4262; x_wconf 88' lang='lat' dir='ltr'>nominationes</span> <span class='ocrx_word' id='word_1_253' title='bbox 1504 4176 1537 4250; x_wconf 92' lang='lat' dir='ltr'>in</span> 
     </span>
     <span class='ocr_line' id='line_1_34' title="bbox 228 4296 1331 4399; baseline -0.005 -22"><span class='ocrx_word' id='word_1_254' title='bbox 228 4297 370 4377; x_wconf 82' lang='lat' dir='ltr'>familia</span> <span class='ocrx_word' id='word_1_255' title='bbox 397 4299 600 4376; x_wconf 83' lang='lat' dir='ltr'>exercitum</span> <span class='ocrx_word' id='word_1_256' title='bbox 627 4313 817 4399; x_wconf 86' lang='lat' dir='ltr'>nunquam</span> <span class='ocrx_word' id='word_1_257' title='bbox 844 4297 1031 4376; x_wconf 89' lang='lat' dir='ltr'>invenerit</span> <span class='ocrx_word' id='word_1_258' title='bbox 1056 4296 1331 4372; x_wconf 86' lang='lat' dir='ltr'>reclamantem.</span> 
     </span>
    </p>

    <p class='ocr_par' dir='ltr' id='par_1_10' title="bbox 231 4403 1534 4748">
     <span class='ocr_line' id='line_1_35' title="bbox 308 4403 1534 4514; baseline -0.006 -25"><span class='ocrx_word' id='word_1_259' title='bbox 308 4413 413 4501; x_wconf 83' lang='lat' dir='ltr'>Quod</span> <span class='ocrx_word' id='word_1_260' title='bbox 440 4415 575 4492; x_wconf 90' lang='lat' dir='ltr'>attinet</span> <span class='ocrx_word' id='word_1_261' title='bbox 615 4416 661 4491; x_wconf 91' lang='lat' dir='ltr'>ad</span> <span class='ocrx_word' id='word_1_262' title='bbox 700 4403 905 4491; x_wconf 86' lang='lat' dir='ltr'>clausulam</span> <span class='ocrx_word' id='word_1_263' title='bbox 932 4412 1158 4514; x_wconf 87' lang='lat' dir='ltr'>repetitam,</span> <span class='ocrx_word' id='word_1_264' title='bbox 1187 4437 1298 4512; x_wconf 88' lang='lat' dir='ltr'>quam</span> <span class='ocrx_word' id='word_1_265' title='bbox 1325 4410 1478 4489; x_wconf 87' lang='lat' dir='ltr'>Patroni</span> <span class='ocrx_word' id='word_1_266' title='bbox 1506 4410 1534 4483; x_wconf 90' lang='lat' dir='ltr'>in</span> 
     </span>
     <span class='ocr_line' id='line_1_36' title="bbox 231 4527 1534 4631; baseline -0.005 -26"><span class='ocrx_word' id='word_1_267' title='bbox 231 4531 316 4605; x_wconf 90' lang='lat' dir='ltr'>actu</span> <span class='ocrx_word' id='word_1_268' title='bbox 342 4529 603 4608; x_wconf 79' lang='lat' dir='ltr'>norninationis</span> <span class='ocrx_word' id='word_1_269' title='bbox 621 4533 881 4631; x_wconf 85' lang='lat' dir='ltr'>apposuerunt,</span> <span class='ocrx_word' id='word_1_270' title='bbox 905 4553 977 4631; x_wconf 88' lang='lat' dir='ltr'>quo</span> <span class='ocrx_word' id='word_1_271' title='bbox 995 4527 1228 4608; x_wconf 88' lang='lat' dir='ltr'>nominantes</span> <span class='ocrx_word' id='word_1_272' title='bbox 1248 4527 1454 4604; x_wconf 89' lang='lat' dir='ltr'>Parochum</span> <span class='ocrx_word' id='word_1_273' title='bbox 1473 4530 1534 4604; x_wconf 87' lang='lat' dir='ltr'>Pa·</span> 
     </span>
     <span class='ocr_line' id='line_1_37' title="bbox 232 4640 1532 4748; baseline -0.006 -29"><span class='ocrx_word' id='word_1_274' title='bbox 232 4640 347 4719; x_wconf 87' lang='lat' dir='ltr'>sciani</span> <span class='ocrx_word' id='word_1_275' title='bbox 374 4642 586 4720; x_wconf 82' lang='lat' dir='ltr'>adiecerunt</span> <span class='ocrx_word' id='word_1_276' title='bbox 612 4669 806 4747; x_wconf 82' lang='lat' dir='ltr'>quousque</span> <span class='ocrx_word' id='word_1_277' title='bbox 834 4655 1006 4722; x_wconf 70' lang='lat' dir='ltr'>exerceat</span> <span class='ocrx_word' id='word_1_278' title='bbox 1033 4643 1206 4720; x_wconf 86' lang='lat' dir='ltr'>Puroclu&#39;</span> <span class='ocrx_word' id='word_1_279' title='bbox 1225 4645 1390 4748; x_wconf 77' lang='lat' dir='ltr'>officium</span> <span class='ocrx_word' id='word_1_280' title='bbox 1406 4644 1462 4720; x_wconf 84' lang='lat' dir='ltr'>uel</span> <span class='ocrx_word' id='word_1_281' title='bbox 1479 4640 1532 4715; x_wconf 80' lang='lat' dir='ltr'>du·</span> 
     </span>
    </p>
   </div>
   <div class='ocr_carea' id='block_1_5' title="bbox 0 0 1624 4933">
    <p class='ocr_par' dir='ltr' id='par_1_11' title="bbox 0 0 1624 4933">
     <span class='ocr_line' id='line_1_38' title="bbox 0 0 1624 4933; baseline 0 0"><span class='ocrx_word' id='word_1_282' title='bbox 0 0 1624 4933; x_wconf 95' lang='lat' dir='ltr'> </span> 
     </span>
    </p>
   </div>
  </div>
 </body>
</html>
