3338 4962
614 279 691 338 lonis
714 277 891 337 aurearum.
1366 258 1410 336 a?

118 385 230 466 >haec
254 381 406 465 ecelesia
431 387 575 465 elevare
601 387 729 494 nequit
756 411 913 478 crucem,
942 385 1070 486 nequit
1096 381 1290 486 propterea
1317 411 1415 461 3333-

118 505 236 580 ›ciare
261 503 488 582 defunctum.
505 501 695 580 Parochus
724 526 810 578 vero
838 499 997 576 defuncti
1025 525 1091 576 suo
1118 501 1238 576 officio
1267 500 1416 578 structus

117 623 219 695 ›estz
238 624 354 697 restat-
380 619 496 722 igitur
522 620 580 694 ius
607 617 861 695 associaticnis
890 617 935 692 ad
961 615 1221 692 coemeterium
1249 617 1418 693 Parocho

117 737 191 828 ›T,
207 735 296 812 idest
322 733 491 812 Parocho
518 734 616 811 intra
643 733 748 812 cuius
775 731 965 835 paroeciae
984 730 1121 806 limites
1150 731 1221 808 sita
1249 735 1305 807 est
1332 731 1418 810 Car·

117 849 348 926 ›melitarum
372 849 536 927 ecclesia.
557 879 576 921 ›

492 1037 743 1106 Disceptatio
763 1039 985 1106 syncopato.

180 1179 267 1258 lum
295 1204 393 1265 ouen
418 1205 645 1260 murrinum
672 1205 745 1259 rao
772 1205 944 1258 renuero
959 1184 1003 1258 T.
1025 1179 1084 1258 Ad
1112 1175 1356 1257 confirmanda
1375 1204 1418 1257 ea

114 1321 193 1398 quae
217 1298 261 1374 ab
288 1297 486 1401 episcopali
512 1296 627 1375 Ouria
652 1322 717 1399 pro
744 1296 910 1374 Parocho
925 1297 956 1370 T
974 1299 1061 1372 sunt
1074 1297 1228 1372 deducta
1254 1296 1418 1372 animad-

113 1437 243 1489 versum
263 1416 328 1508 est
354 1439 400 1491 ex
426 1411 559 1507 officio,
593 1413 828 1516 privilegium
847 1409 1043 1514 sepeliendi
1069 1415 1107 1486 et
1133 1410 1325 1487 funerandi
1344 1409 1419 1487 lor-

113 1533 197 1607 tasse
221 1530 403 1631 pertinere
435 1529 489 1605 illi
516 1529 688 1606 ecclesiae
716 1552 791 1605 non
817 1553 909 1631 pure
937 1533 974 1604 et
1001 1525 1236 1630 simpliciter,
1269 1527 1331 1602 sed
1357 1551 1419 1602 ra-

113 1643 199 1722 tione
221 1645 414 1747 religiosae
441 1643 616 1740 familiae3
634 1644 798 1746 ideoque,
822 1644 907 1736 hac,
928 1642 1014 1720 licet
1033 1643 1169 1744 inique,
1203 1665 1413 1745 suppressa,

113 1759 189 1836 illud
217 1761 368 1838 deiicere
394 1761 500 1838 iuxta
522 1787 566 1838 ea
593 1787 686 1864 quae
704 1761 818 1837 tradit
841 1761 943 1838 Rota
961 1785 1091 1836 coram
1105 1758 1272 1836 Emoriar
1298 1759 1414 1836 decis·

115 1876 430 1968 16293.16,·31
457 1904 588 1955 corum
613 1879 729 1955 Raeto
753 1878 864 1954 decia
884 1874 973 1952 105
991 1902 1032 1952 a.
1055 1875 1098 1953 3.
1210 1946 1216 1961 ‚

178 1991 273 2068 Idem
299 1994 338 2070 in
365 1992 474 2068 simili
493 2019 580 2070 casu
598 1993 712 2072 fuisse
738 1992 898 2070 decisum
921 1991 999 2068 aS.
1023 1989 1313 2094 Congregatione
1342 1991 1419 2069 lte-

113 2104 326 2184 lnrmationis
344 2110 402 2186 die
424 2107 471 2184 16
491 2109 700 2186 Decembris
726 2106 840 2184 1816,
864 2105 986 2194 Quum
1008 2107 1107 2184 enim
1125 2113 1327 2183 conventus
1346 2107 1419 2182 Mi-

114 2246 228 2300 norum
241 2224 558 2318 Conventualium
586 2225 769 2326 Pergulae
787 2224 890 2316 situs,
918 2224 956 2298 in
975 2223 1175 2325 pristinum
1198 2247 1271 2300 non
1290 2221 1419 2298 fuisset

113 2339 288 2415 restitutus
311 2363 379 2415 nec
404 2341 642 2443 probabiliter
655 2342 694 2418 in
712 2345 900 2442 posterum
919 2343 1014 2416 esset
1033 2341 1285 2432 restitutorem,
1304 2363 1419 2440 quae-

113 2451 210 2528 situm
238 2459 304 2532 est:
327 2456 379 2532 l<
403 2481 451 2532 an
478 2456 631 2534 ecclesia
666 2455 864 2532 conventui
900 2457 1039 2532 adnexa
1065 2456 1197 2532 debeat
1231 2453 1418 2583 praesenti

116 2571 243 2646 »statu
274 2571 539 2658 considerarit
540 2597 711 2673 amquam
752 2569 967 2672 regularis
958 2596 997 2647 m
1021 2569 1306 2672 privilegiios‚
1285 2568 1379 2645 Γ
1326 2571 1417 2645 rens

116 2684 336 2762 >ecclesiast
311 2687 404 2781 trois,
440 2687 608 2764 ttumula
582 2689 781 2764 ttcronee
814 2689 1059 2788 etquatenus
1087 2692 1197 2788 negat
1200 2686 1274 2762 ive:
1297 2686 1329 2762 ll
1357 2687 1416 2761 An

116 2801 364 2878 »considerari
390 2803 518 2880 debeat
541 2807 729 2904 tamquam
754 2802 876 2878 filialis
900 2803 946 2877 ad
972 2804 1193 2903 paroeciam,
1213 2803 1267 2880 ita
1288 2795 1417 2879 ntPa·

116 2941 130 2983 ›
148 2917 275 2994 rochus
292 2919 332 2994 in
354 2945 399 2996 ea
420 2944 526 2996 omne
549 2920 606 2995 ius
623 2923 804 2994 exerceat:
831 2918 995 2994 »eadem
1023 2918 1062 2996 S.
1085 2918 1332 3020 Congregatio
1364 2943 1417 2994 re·

112 3033 254 3129 spondit:
277 3035 350 3110 adl
364 3041 555 3137 negative:
575 3035 621 3110 ad
637 3034 669 3110 ll
694 3035 940 3136 affirmative.
959 3032 1059 3119 Quas
1073 3034 1310 3111 resolutiones
1328 3057 1418 3108 con-

112 3143 257 3224 firmavit
282 3151 375 3228 Pius
394 3151 476 3244 Vll,
500 3154 542 3226 ut
560 3149 717 3226 refertur
735 3148 774 3224 in
793 3173 905 3226 cansa
924 3147 1156 3251 Perpulunu
1189 3148 1329 3250 agitata
1347 3172 1415 3224 cc-

113 3282 181 3334 ram
204 3262 242 3342 S.
264 3264 308 3342 O.
329 3263 374 3342 O.
395 3265 452 3342 die
483 3263 531 3342 17
558 3265 768 3342 Decembris
800 3263 902 3340 1824
929 3265 966 3361 ξ.
990 3265 1197 3368 Repente

178 3377 215 3454 Si
240 3403 327 3482 ergo
354 3379 636 3458 Carmelitarum
665 3379 845 3480 templum
863 3403 909 3454 ex
929 3377 1026 3455 sacto
1054 3379 1223 3480 regulare
1251 3403 1329 3456 esse
1356 3379 1416 3454 de-

113 3487 212 3586 sierit,
233 3495 311 3571 eius
334 3496 418 3573 iura
435 3501 473 3575 et
490 3497 696 3599 privilegia,
721 3493 859 3572 intuitu
878 3493 1122 3595 Regularinm
1141 3520 1317 3598 possessa,
1337 3521 1416 3572 ces·

114 3627 192 3700 aare,
212 3613 320 3710 atque
348 3611 553 3688 subintrare
581 3612 640 3687 ius
667 3635 869 3688 commune.

178 3723 290 3802 Porro
308 3751 355 3803 ex
374 3727 556 3804 communi
575 3727 653 3805 iure
672 3725 847 3830 explorat
837 3727 1005 3805 rssimum
1032 3753 1123 3823 3333,
1147 3726 1315 3808 Perocho
1333 3749 1415 3830 per·

114 3832 215 3914 tinere
226 3839 385 3918 officium
398 3840 549 3920 funebre
561 3867 735 3945 peragere
750 3843 1047 3944 quemadmodum
1062 3844 1161 3921 inter
1182 3847 1324 3920 ceteros
1336 3846 1414 3920 tra·

114 3949 492 4059 Mssarbosadeosfic
507 3969 630 4060 eltpo
603 3959 868 4060 tPuroclu'p.
888 3957 962 4034 3.3
969 3958 1054 4038 ,26
1069 3988 1110 4037 a.
1124 3961 1183 4037 80
1200 3960 1258 4037 his
1274 3959 1409 4038 verbis:

118 4093 131 4134 ‹
149 4065 308 4148 Officium
328 4071 448 4150 facere
465 4099 575 4177 super
594 4074 828 4152 cadaveribus
847 4079 928 4175 pert
930 4073 989 4152 ine
991 4078 1069 4152 tad
1087 4075 1324 4152 Parochum
1313 4080 1370 4151 mt
1371 4100 1413 4149 ra

118 4183 242 4263 »cuius
267 4188 458 4289 paroeciae
485 4189 622 4265 limites
650 4191 752 4266 adest
779 4189 934 4266 ecclesia
962 4191 1002 4266 in
1021 4217 1094 4292 qua
1111 4193 1264 4268 cadaver
1292 4195 1412 4268 tumu-

119 4295 246 4397 ›latur,
270 4327 346 4380 non
372 4306 493 4380 autem
513 4303 558 4381 ad
586 4303 797 4381 Sacerdotes
815 4303 898 4380 talis
925 4306 1116 4382 ecclesiae:
1139 4312 1177 4384 et
1195 4306 1248 4383 ita
1265 4330 1410 4408 respon·

118 4437 220 4493 »sum
243 4417 316 4496 fuit
342 4445 366 4496 3
392 4421 431 4499 S.
452 4418 748 4524 Congregatione
767 4420 925 4499 Rituum
945 4421 984 4497 in
1002 4447 1112 4500 causa
1139 4419 1405 4514 defunctorum,

119 4529 204 4712 ‘qui
228 4533 453 4730 sppqguntur
479 4536 517 4614 in
546 4535 696 4614 ecclesia
736 4536 775 4614 S.
807 4535 904 4615 Celsi
940 4537 1139 4617 Mediolani
1168 4537 1219 4616 29
1248 4540 1410 4619 Novem-

121 4665 214 4724 »lus
289 4659 296 4674 “
345 4680 378 4729 .›
