3238 4940
265 279 326 358 lat
700 298 789 354 surm
813 297 974 352 summm
999 295 1138 354 rrucunrr.

262 408 362 484 misit
388 409 432 486 ad
459 405 498 485 S.
518 403 563 487 O.
584 403 627 484 O.
649 403 864 506 haecinter
890 407 1013 482 cetera
1040 401 1182 480 retulit:
1221 401 1304 480 <ln
1331 395 1402 482 bac
1429 399 1570 484 eoeleste

264 549 283 596 ›
306 524 377 599 fuit
403 527 565 600 erectum
592 520 821 596 Beneficium
848 542 921 594 non
941 516 1171 594 residentiale
1189 519 1293 594 cuius
1311 544 1499 620 possessor
1517 523 1568 596 ba-

264 667 282 710 »
305 640 394 715 bens
421 640 565 720 scutata
596 632 671 711 150
688 625 811 712 an'uua
828 638 975 737 praeter
993 632 1254 732 obligationem
1274 635 1484 711 consulendi
1505 662 1568 712 nm·

265 751 511 828 ›nutentioni
538 750 712 827 ecclesiae
739 773 782 824 ac
809 771 933 824 sacrae
974 745 1202 848 supellectili,
1238 751 1386 824 tenetur
1425 751 1567 853 singulis

264 892 282 939 ›
304 867 471 944 Sabbatis
490 865 540 941 ibi
559 865 711 941 Missam
731 862 924 939 celebrare.
939 863 1047 938 blodo
1066 861 1176 938 huius
1191 861 1367 940 Beneficii
1386 869 1504 940 rector
1520 877 1567 941 est

264 981 480 1058 »Sacerdos
508 980 656 1080 quidam
677 977 912 1082 (Franciscus
939 975 1080 1052 alienae
1106 975 1313 1082 dioecesis),
1337 981 1398 1056 sed
1416 1005 1461 1054 ex
1479 981 1566 1056 illius

263 1127 281 1170 ›
303 1094 506 1172 ministerio
534 1093 691 1197 populus
719 1097 757 1169 et
779 1091 962 1194 agricolae
989 1091 1129 1168 nullum
1160 1094 1366 1196 percipiunt
1386 1095 1565 1196 spirituali

261 1213 476 1288 ›bonum.»
497 1209 591 1290 Cum
618 1213 740 1286 autem
769 1209 870 1285 nulla
897 1207 958 1284 hio
985 1208 1123 1286 mentio
1167 1212 1211 1286 ab
1252 1211 1438 1314 Episcopo
1480 1212 1564 1288 facts

257 1325 367 1402 fuerit
393 1327 436 1402 de
463 1326 598 1402 unione
624 1324 724 1401 illius
752 1323 929 1400 Beneficii
958 1323 1154 1400 sacristiae
1183 1325 1405 1401 cathedralis
1433 1328 1479 1419 N,
1515 1354 1561 1401 rr-

255 1440 361 1516 detur
388 1441 466 1515 eius
493 1443 531 1515 et
556 1440 779 1541 Episcopum
806 1441 838 1516 B
865 1443 904 1515 et
929 1439 1129 1541 oppidanos
1155 1439 1274 1515 adhuc
1299 1440 1466 1517 latuisse.

337 1557 484 1656 Reapse
511 1556 636 1631 statim
664 1556 778 1632 acad
816 1580 941 1632 eorum
982 1552 1152 1630 notitiam
1192 1579 1251 1630 res
1285 1556 1432 1633 devenit
1467 1583 1562 1657 aspro

254 1671 379 1748 audita
405 1676 477 1746 est:
500 1675 610 1772 atque
636 1670 719 1746 inde
747 1670 895 1746 nonrine
922 1668 1077 1771 triginta
1104 1669 1253 1745 circiter
1295 1670 1484 1749 hominum
1522 1699 1560 1748 cr

254 1786 475 1888 primoribus
502 1786 622 1888 oppidi
651 1786 807 1888 supplex
834 1784 978 1862 libellus
1006 1785 1045 1862 S.
1081 1783 1369 1888 Congregationi
1414 1789 1560 1866 Concilii

252 1905 307 1978 est
335 1900 490 1993 oblatus,
513 1926 585 2004 quo
604 1903 867 2003 exponebatur,
891 1902 923 1976 si
941 1903 1138 1978 Decretum
1157 1901 1227 1978 dici
1246 1901 1298 1978 24
1316 1903 1447 1979 Martii
1472 1903 1560 1978 185?

252 2039 359 2092 suum
386 2015 557 2094 effectum
584 2018 779 2110 obtineret,
806 2017 877 2094 ‹in
904 2015 1096 2118 spirituale
1113 2017 1288 2094 damnum
1306 2019 1558 2120 gravissimum

257 2157 485 2208 »cessurum
512 2133 591 2209 eius
619 2132 774 2209 infelicis
791 2132 927 2234 oppidi,
951 2133 1048 2234 quod
1074 2135 1113 2209 et
1139 2134 1185 2208 ob
1203 2141 1324 2210 adrem
1343 2135 1510 2212 insanum
1529 2152 1558 2210 ct

256 2274 273 2318 ›
297 2250 342 2323 ob
362 2247 657 2355 Praebendarum
684 2248 874 2324 raritatem
900 2272 973 2323 non
1001 2249 1152 2324 haberet
1179 2248 1379 2325 residentes
1407 2251 1477 2327 uisi
1495 2257 1559 2326 tros
1610 2223 1611 2253 ¹

255 2363 389 2440 »solos
418 2365 671 2465 presbyterae,
694 2367 732 2439 et
758 2361 912 2464 populus
939 2362 979 2439 in
1004 2360 1137 2464 oppido
1155 2385 1375 2462 permanens
1400 2367 1560 2440 ascende·

254 2507 272 2549 »
293 2482 353 2554 ret
370 2479 414 2556 ad
431 2480 530 2557 mille
548 2480 769 2570 habitantes,
788 2481 824 2554 et
842 2477 993 2553 hiberno
1011 2481 1174 2578 tempore
1193 2479 1238 2553 ad
1256 2477 1329 2554 tria
1346 2481 1489 2556 circiter
1507 2481 1558 2555 ha·

254 2624 271 2668 ›
293 2595 489 2672 bitantium
507 2594 636 2671 millia:
656 2621 674 2668 ›
697 2618 739 2670 eo
758 2591 892 2695 quippe
909 2591 1099 2668 confluunt
1116 2591 1192 2667 sive
1210 2593 1256 2669 ad
1274 2593 1443 2671 colendos
1462 2621 1557 2696 agros
1609 2659 1610 2680 ,

249 2711 327 2787 sive
354 2713 399 2786 ad
424 2713 621 2813 pascendas
648 2733 734 2786 oves
762 2708 925 2810 aliasque
951 2707 1106 2808 pecudes
1128 2709 1295 2784 montani
1315 2708 1492 2787 homines.

327 2828 407 2902 Hoc
433 2824 588 2928 supplici
615 2825 736 2916 libello
763 2826 899 2918 habito,
919 2825 959 2902 S.
974 2815 1231 2927 ¹Congregatio
1259 2825 1302 2900 de
1330 2849 1431 2901 more
1458 2851 1555 2928 roga-

249 2941 304 3017 vit
329 2944 409 3018 tum
435 2940 648 3044 Capitulum
675 2943 709 3018 N
736 2945 774 3018 et
791 2940 1040 3035 Ordinarium,
1064 2945 1143 3016 tum
1169 2940 1392 3044 Episcopum
1419 2943 1463 3034 B,
1497 2943 1551 3043 qui

248 3081 372 3134 omnes
398 3081 483 3134 suas
509 3058 738 3135 adduxerunt
763 3057 936 3134 rationes:
958 3055 1012 3132 illi
1039 3081 1107 3158 pro
1142 3055 1291 3136 Decreti
1330 3057 1466 3147 valore,
1501 3057 1554 3134 hic

248 3197 314 3276 pro
341 3173 523 3250 nullitate,

328 3290 397 3366 llis
415 3287 654 3366 relationibus
674 3288 821 3384 habitis,
836 3313 918 3367 cum
937 3315 996 3366 res
1015 3288 1055 3364 in
1068 3288 1339 3365 contentionem
1356 3290 1503 3380 veniret,
1517 3288 1556 3364 dr

246 3428 347 3481 more
373 3405 411 3480 in
439 3405 642 3482 Secretaria
668 3405 709 3488 S.
730 3404 773 3482 O.
796 3408 841 3484 (l.
863 3405 1000 3482 editum
1028 3407 1085 3478 est
1111 3405 1306 3498 Decretum
1317 3416 1490 3504 ponatur
1513 3409 1550 3476 r'u

242 3521 358 3621 folio,
379 3524 487 3622 atquc
515 3520 721 3597 admonitae
748 3526 837 3598 sunt
862 3523 985 3622 partes
1014 3523 1055 3595 ut
1075 3519 1249 3595 ulteriora
1277 3517 1360 3594 iura
1379 3545 1457 3612 sua,
1476 3543 1550 3618 qua·
1607 3501 1608 3536 ³

245 3642 353 3714 tenus
381 3636 528 3729 vellent,
551 3635 676 3714 coram
703 3636 742 3716 S.
764 3636 808 3715 O.
830 3636 1062 3712 deducerent:
1085 3635 1147 3709 sed
1174 3637 1297 3736 partes
1334 3633 1427 3710 nihil
1466 3632 1552 3708 aliud

244 3753 484 3858 deduxerunt,
514 3757 661 3856 praeter
679 3752 717 3830 id
743 3752 839 3854 quod
856 3777 902 3830 ex
920 3751 1039 3853 prima
1057 3749 1305 3828 admonitione
1323 3749 1548 3826 deduxerant.

652 4007 904 4075 »inceptam
926 3992 1150 4075 synoptico.
1606 4015 1607 4088 p

321 4215 415 4298 luas
443 4239 615 4300 oanoom
640 4243 689 4322 aa
715 4210 897 4297 Earsobro
916 4215 962 4294 B.
980 4215 1050 4294 Hic
1069 4209 1285 4319 Episcopus,
1304 4235 1371 4318 pro
1390 4211 1548 4294 nullitate
1605 4253 1606 4258 Ν

242 4332 389 4414 Decreti
417 4337 652 4427 contendens,
686 4332 859 4435 allegarit
886 4331 1141 4408 Tridentinum
1169 4332 1368 4408 Decretum
1396 4359 1473 4436 cop.
1498 4323 1547 4404 15

243 4475 335 4526 sess.
357 4452 416 4530 24
446 4453 490 4526 do
515 4451 651 4550 Refor.
674 4449 872 4539 affirmans,
895 4447 1095 4550 Episcopos
1121 4471 1226 4549 posse
1252 4447 1400 4548 quidem
1427 4443 1547 4524 beneti-

244 4561 302 4638 cia
328 4564 507 4662 simplicia
533 4565 651 4656 unire,
674 4563 738 4638 sed
763 4567 907 4639 tantum
944 4563 1165 4666 pauperibus
1206 4563 1431 4640 Praebendis
1463 4581 1545 4658 quar

245 4677 458 4762 sustinendo
485 4678 626 4754 decenti
654 4677 960 4756 Beneficiatorum
987 4679 1115 4787 gradui
1144 4702 1211 4784 pro
1238 4677 1307 4756 loci
1326 4685 1365 4756 et
1383 4675 1545 4788 qualitate
1604 4765 1605 4774 Ν
