3338 4962
1312 255 1355 330 tt

170 420 224 558 [Χ
264 411 686 596 tttttbtttttt
732 411 915 550 totttt
960 411 1211 552 1111111111

285 701 608 763 Pucuunmunu
627 700 657 754 Δ
678 699 735 756 ΕΒ.
749 700 789 757 D.
805 699 849 756 lt.
865 699 1097 757 nuruum

550 1150 859 1234 MATRIMONH

218 1386 225 1398 ⁰
275 1429 337 1492 oe
357 1427 401 1489 27
421 1427 579 1490 taenara
601 1423 697 1486 1872.

126 1657 248 1736 Paullo
276 1653 407 1731 fusiori
433 1651 573 1730 calamo
609 1649 705 1728 hano
741 1672 891 1728 causam
926 1675 1120 1753 opponam,
1152 1651 1235 1729 tum
1270 1650 1359 1754 quia

67 1775 236 1852 Canonista
265 1773 305 1847 in
332 1794 398 1848 suo
424 1767 670 1846 elucubrando
697 1768 796 1844 Voto
824 1769 1099 1845 accuratissime
1135 1769 1260 1846 omnia
1295 1793 1360 1846 ex·

66 1891 165 1992 pendit
187 1886 354 1987 nihilque
379 1884 655 1962 desiderandum
672 1882 825 1984 reliquit
842 1882 920 1960 sive
936 1882 976 1959 in
992 1881 1091 1961 facto
1110 1882 1189 1959 sive
1207 1884 1246 1962 in
1265 1883 1356 1980 iure,

67 2013 125 2082 tum
148 2007 232 2109 quia
257 2000 438 2082 eiusmodi
464 2024 597 2080 causae
621 1999 880 2111 ecelesiasticis
907 1999 1022 2078 curiis
1047 1999 1216 2104 exemplo
1251 1999 1361 2078 facile

65 2121 258 2199 inserviunt.

124 2251 414 2323 campunarum
435 2247 546 2304 hott·
561 2231 741 2312 Caietana
754 2230 844 2309 itala
859 2229 990 2308 mulier
1003 2232 1043 2310 in
1062 2231 1176 2310 mrali
1189 2231 1361 2335 paroecia

65 2377 86 2428 s.
107 2352 253 2444 Nicolai‚
284 2373 398 2452 prope
425 2350 552 2425 urbem
579 2348 627 2440 N,
649 2350 773 2425 ortum
798 2346 942 2424 babuit:
968 2351 1049 2424 octo
1075 2351 1160 2451 post
1196 2346 1302 2424 annis
1338 2373 1359 2424 a

63 2467 157 2542 natali
182 2464 259 2543 solo
287 2487 372 2541 cum
397 2463 513 2539 amita
538 2461 705 2540 discessit
731 2486 771 2538 se
798 2462 989 2539 conferens
1016 2461 1208 2540 indictam
1233 2465 1362 2540 urbem

65 2584 153 2672 b'‚in
176 2581 285 2662 ltalia
309 2578 656 2682 frequentissimam.
672 2578 818 2656 Deinde
848 2579 943 2681 apud
978 2582 1131 2680 agnatos
1175 2581 1364 2680 cognatos·

65 2700 180 2796 quein
205 2699 288 2778 aliis
314 2697 467 2776 urbibus
504 2695 649 2799 aliquot
683 2717 799 2772 annos
834 2695 946 2798 degit,
988 2697 1102 2774 donec
1136 2694 1280 2773 rediens
1321 2695 1361 2772 in

65 2815 171 2890 urbem
195 2815 243 2909 N,
265 2815 510 2917 praemortuis
536 2812 647 2904 unico
672 2835 782 2915 quem
817 2811 973 2890 habebat
1000 2810 1126 2908 tratre,
1166 2813 1285 2890 matre
1321 2835 1364 2889 ac

65 2935 160 3030 patre,
181 2929 313 3010 ibidem
339 2929 468 3032 nupsit
493 2927 574 3006 viro
600 2928 650 3006 A.

128 3049 216 3124 Tum
241 3050 411 3148 tempore
437 3068 510 3148 quo
529 3045 587 3122 vir
604 3045 683 3123 eius
700 3043 809 3139 vixit,
832 3070 879 3122 ex
896 3069 970 3147 quo
988 3045 1078 3121 duos
1096 3042 1190 3120 filios
1213 3042 1359 3137 habuit,

69 3166 129 3238 tum
153 3166 278 3266 postea
304 3162 350 3238 ab
377 3185 475 3238 anno
506 3158 620 3257 1859,
645 3185 718 3262 quo
744 3160 856 3239 vidua
881 3162 1033 3255 mansit,
1055 3184 1170 3262 usque
1196 3161 1235 3236 in
1261 3184 1364 3260 prae·

71 3301 135 3352 sens
158 3277 378 3357 domicilium
403 3275 533 3358 habuit
558 3275 598 3356 iu
624 3278 752 3354 eadem
778 3278 869 3354 urbe
906 3279 953 3372 N,
976 3301 1197 3379 quamquam
1233 3279 1365 3377 quater

72 3394 246 3488 paroeciale
271 3391 496 3470 domicilium
522 3415 569 3469 ex
607 3417 683 3470 una
722 3393 762 3469 iu
802 3392 895 3470 alias
929 3391 1114 3494 paroecias
1149 3391 1358 3468 mutaverit.

73 3505 125 3583 Sed
141 3534 162 3584 a
177 3535 301 3588 mense
317 3509 420 3587 Maio
439 3507 527 3586 anui
546 3505 648 3585 1863
661 3531 777 3611 usque
795 3508 843 3585 ad
861 3525 999 3586 anuum
1016 3505 1117 3586 1869
1136 3506 1363 3585 domicilium

73 3617 178 3701 babuit
193 3625 327 3704 ibidem
353 3625 393 3703 in
419 3623 589 3727 paroecia
606 3623 646 3704 S.

131 3739 304 3826 Quamvis
332 3743 456 3820 autem
484 3739 525 3817 in
551 3740 642 3818 urbe
669 3739 705 3818 N
732 3740 881 3842 degeret
908 3741 1012 3818 etin
1038 3739 1209 3844 paroecia
1244 3739 1269 3817 S
1297 3741 1362 3818 do·

73 3855 221 3934 micilium
245 3857 416 3950 haberat,
436 3855 579 3934 aestivo
604 3859 731 3934 tamen
756 3856 817 3934 vel
843 3857 1049 3936 autumnali
1074 3861 1239 3960 tempore
1266 3857 1362 3959 apud

74 3969 133 4046 eius
157 3975 304 4051 amitam
330 3972 512 4058 Caistena
539 3994 622 4048 cum
650 3973 727 4051 suis
754 3971 840 4050 filiis
866 3974 1070 4052 divertebat
1104 3996 1219 4051 unum
1256 3971 1365 4048 circi-

73 4090 115 4160 ter
143 4115 313 4183 mensem,
342 4085 493 4167 remandi
529 4111 656 4164 causa:
687 4088 766 4166 eius
803 4089 903 4166 enim
939 4088 1053 4166 amita
1079 4087 1248 4166 babitare
1279 4111 1365 4190 per-

75 4319 178 4398 urbem
201 4325 250 4401 N.

133 4437 276 4516 Interim
301 4437 413 4516 vidua
437 4435 627 4534 Caietano,
649 4438 694 4513 ut
720 4435 789 4514 sibi
817 4436 966 4540 suisque
1001 4436 1086 4514 filiis
1120 4437 1360 4541 prospiceret,

75 4545 205 4654 hospitio
229 4553 435 4658 excipiebat
459 4553 499 4632 in
524 4555 614 4631 urbe
641 4553 676 4629 N
703 4549 844 4654 aliquot
860 4553 974 4648 viros,
998 4553 1210 4656 victumque
1229 4553 1366 4629 eisdem

74 4658 203 4747 locabat.
236 4669 315 4750 Hos
340 4670 437 4748 inter
464 4671 544 4747 erat
570 4667 720 4769 quidam
745 4665 982 4765 Fridericus„
1014 4669 1165 4747 natione
1201 4666 1367 4744 Helveti-

127 4811 287 4880 Actufflm.
304 4815 379 4878 VII.
395 4811 465 4877 fasc.
481 4810 579 4867 LXXI
580 4809 615 4868 V.
1232 4811 1251 4862 4
