3338 4962
425 427 986 568 lldtllltlttttlltllltlld

86 711 283 770 sanctissimi
304 710 339 766 in
362 709 496 764 Christo
518 705 630 762 Patris
652 707 687 760 et
707 702 844 762 Domini
865 701 974 759 nostri
996 701 1049 757 Pii
1071 699 1188 757 divina
1207 698 1386 768 providen-

151 823 197 878 tia
215 823 331 897 Papae
354 817 403 874 IX
434 831 536 885 super
559 815 749 884 privilegiis
774 811 1083 872 Protonotariorum
1112 810 1387 883 Apostolicorum

154 929 192 989 ad
215 931 324 988 r‘astar
344 932 628 998 nuncupatorum.

518 1248 635 1329 PIUS
662 1187 939 1327 anscerus

429 1419 619 1482 SERVUS
651 1419 925 1479 SERVORUM
959 1417 1038 1478 DEI

474 1569 514 1612 ΔΙ)
535 1568 725 1613 ruaruuuau
748 1569 802 1613 REI
823 1567 995 1612 uurronmu

156 1821 453 1897 ‹Arcsroneun
480 1817 591 1895 Sedis
614 1817 785 1912 officium,
815 1817 1021 1920 quodlicet
1052 1817 1251 1920 imparibus
1285 1815 1394 1894 meri·

89 1936 137 2012 tis.
160 1935 330 2012 tenuitati
358 1935 515 2012 Nostrae
549 1934 779 2012 inscrutabili
813 1934 957 2011 divinae
990 1933 1240 2035 providentiae
1275 1934 1395 2012 consi-

90 2049 129 2127 lic
153 2047 406 2128 demandatum
433 2055 500 2144 est,
524 2051 619 2126 inter
647 2048 879 2127 multimodas
897 2076 1016 2143 curas,
1040 2051 1173 2152 quibus
1193 2050 1295 2128 hisce
1314 2076 1395 2127 ma-

90 2169 174 2245 xime
200 2168 426 2270 temporibus
452 2167 665 2268 premimur,
688 2166 783 2241 hane
810 2173 921 2244 etiam
948 2168 1063 2244 Nobis
1091 2163 1253 2269 imponit
1274 2171 1392 2244 uteas

91 2283 323 2359 eonoesuones
351 2307 417 2384 per
451 2283 641 2360 Romanos
674 2282 872 2360 Pontifices
903 2284 1208 2361 Praedecessores
1241 2284 1396 2360 Nostros

90 2398 204 2492 lactas,
227 2422 321 2500 quae
349 2397 524 2500 temporis
550 2397 655 2499 lapsu
683 2397 741 2474 vel
774 2397 883 2474 nimis
917 2400 1037 2502 ampla
1069 2402 1106 2477 et
1132 2423 1247 2501 prava
1278 2399 1395 2476 inter-

91 2513 293 2614 pretatione,
318 2531 493 2616 magnum
520 2513 788 2590 ecclesiasticae
814 2515 1026 2619 disciplinae
1054 2515 1314 2592 detrimentum
1340 2517 1397 2591 at-

91 2629 255 2723 tulerunt,
278 2655 341 2708 eas
368 2635 479 2733 prout
506 2627 624 2732 exigit
651 2631 862 2725 necessitas,
885 2632 930 2708 ad
962 2635 1102 2708 rectum
1135 2632 1267 2708 mentis
1299 2630 1403 2733 ips07

92 2771 162 2821 rum
188 2746 514 2822 praedecessorum
542 2746 761 2823 Nostrorum
788 2749 825 2824 et
851 2749 1007 2824 Nostrae
1035 2747 1220 2824 tramitem
1246 2747 1398 2824 reduee-

93 2886 126 2936 re
158 2865 381 2940 studeamus:
403 2862 510 2964 idque
537 2863 766 2964 potissimum
799 2865 837 2939 et
868 2864 950 2967 ipsa
981 2865 1036 2940 rei
1068 2863 1234 2967 gravitas
1266 2868 1304 2939 et
1336 2889 1397 2940 au·

93 2981 189 3079 gusta
212 2977 402 3056 Ecclesiae
428 2977 584 3081 liturgia
601 3002 669 3054 nec
687 3003 763 3054 nou
781 2981 819 3054 et
836 2979 940 3056 varia
967 2981 1295 3056 Praedecessorum
1322 2981 1398 3058 No·

95 3099 242 3169 utrorum
270 3097 573 3196 temperamenta,
598 3093 688 3172 alias
715 3096 761 3171 ad
789 3095 955 3171 eumdem
982 3097 1092 3172 finem
1120 3095 1295 3190 adhibita,
1317 3095 1399 3171 visa
1510 3153 1514 3158 -

95 3213 169 3284 sunt
185 3208 419 3312 Apostolieae
438 3209 634 3286 decisionis
654 3210 842 3286 oraculum
860 3212 1058 3316 postulare.
1083 3213 1193 3307 Sane,
1214 3215 1256 3289 ut
1281 3213 1394 3314 patet,

95 3321 358 3402 protonotarios
390 3325 616 3426 Apostolicos
649 3327 701 3401 ud
732 3333 860 3403 instar
894 3327 1227 3431 Paru'cr'paatc'um
1257 3352 1400 3406 nuncu·

95 3449 198 3536 patos,
220 3439 426 3542 insignibus
453 3440 657 3542 privilegiis
691 3445 941 3522 Romanorum
976 3445 1198 3548 Pontificum
1233 3443 1401 3546 benigni-

96 3555 159 3627 tate
183 3559 308 3631 auctos
334 3553 459 3631 fuisse.
483 3555 635 3651 Verum,
659 3561 701 3634 ut
727 3567 782 3634 est
809 3559 992 3636 humanae
1010 3563 1163 3636 naturae
1175 3556 1393 3652 infirmitas,

97 3667 161 3745 sire
186 3695 232 3746 ex
257 3696 374 3773 prava
399 3672 608 3748 eorumdem
635 3672 909 3775 privilegiorum
927 3675 1230 3778 interpretatione
1250 3677 1330 3753 sive
1345 3681 1401 3752 et

100 3781 160 3859 iam
185 3811 231 3862 ex
256 3787 494 3864 immoderato
522 3785 701 3876 honorum
720 3788 909 3884 desiderio,
934 3815 1010 3867 non
1026 3816 1110 3868 raro
1129 3796 1237 3870 extra
1256 3793 1399 3872 Urbem

100 3901 278 4004 contigisse
306 3907 531 4005 compertum
558 3907 614 3979 est
641 3907 683 3979 ut
708 3903 830 4005 plures
859 3931 905 3982 ex
938 3909 1149 3984 memoratis
1183 3909 1400 3986 Protouota-

100 4013 155 4091 riis
180 4042 251 4095 non
280 4020 360 4094 sinc
388 4018 494 4120 gravi
521 4019 749 4122 Episcopalis
776 4019 969 4122 dignitatis
997 4022 1133 4098 iniuria
1149 4024 1332 4100 indebitas
1352 4023 1402 4100 si-

101 4130 129 4205 bi
153 4133 436 4237 praerogativas
460 4136 676 4237 praesertim
704 4135 743 4211 in
770 4137 1046 4214 Pontifiealibus
1065 4139 1275 4215 exercendis
1294 4164 1403 4215 usur-

101 4270 174 4345 pare
200 4253 526 4353 praesumpserint.
549 4253 604 4327 De
630 4251 838 4328 huiusmodi
857 4255 1031 4331 abusibus
1049 4279 1162 4355 quum
1181 4255 1403 4355 frequentis-

103 4361 203 4440 simae
229 4365 543 4468 expostulationes
571 4393 593 4444 a
619 4389 693 4444 non
720 4368 845 4468 paucis
872 4369 1066 4472 Episcopis
1094 4371 1149 4446 ad
1166 4373 1242 4446 Nos
1260 4370 1403 4448 delatae

103 4475 224 4556 luerint
240 4487 278 4558 et
298 4506 408 4583 porro
425 4481 646 4576 deferantur,
670 4484 746 4560 Nos
765 4485 810 4558 ad
827 4486 1033 4585 praedictos
1053 4486 1294 4563 eliminandos
1313 4490 1403 4564 abu-

104 4613 155 4667 sus
182 4601 372 4701 certasque
404 4599 559 4676 edendas
590 4597 751 4700 regulae,
781 4599 913 4701 quibus
945 4601 1142 4705 privilegia
1174 4603 1403 4682 declarentur

105 4705 354 4792 Protonotariis
381 4707 603 4822 Apostolicis
631 4716 682 4794 aa
708 4721 850 4804 iactor,
871 4743 956 4796 vere
987 4720 1210 4825 proprieque
1241 4727 1403 4826 spectan-
