3258 4944
576 366 678 418 nissae
702 365 906 417 rreocuuus.
1339 339 1400 415 l89

168 467 282 546 Bouix
308 467 349 545 in
376 490 484 570 opere
515 464 559 542 de
597 466 791 550 Parosta,
820 490 867 543 ex
903 459 1143 542 Resolutione
1171 461 1211 544 ia
1244 460 1397 540 Comen.

111 587 144 664 ll
172 588 256 666 Maii
289 583 404 679 1720,
429 608 512 660 cum
539 583 585 659 ad
612 581 763 658 dubium
791 583 828 658 V
850 610 868 654 r
888 581 948 656 An
967 585 1192 674 occurrente,
1215 581 1310 682 quod
1331 580 1404 655 Ar-

110 701 382 806 ›ohipresbyter
420 699 611 776 Parocbus
639 696 798 772 celebret
836 695 992 773 Missam
1031 697 1308 774 conventualem
1346 697 1405 772 ool

110 820 229 894 »allos
257 818 428 921 legitime
455 815 555 890 obsit
586 837 650 889 seu
679 813 730 888 sit
755 811 953 915 impeditus
979 815 1057 888 tam
1083 813 1124 892 in
1151 815 1278 890 diebus
1307 804 1407 890 festiss

110 933 188 1010 »vis
213 957 321 1035 quam
350 929 536 1007 ferialibus
564 927 879 1029 quadragesimae,
901 931 1070 1007 teneatur
1098 929 1281 1008 celebrare
1307 928 1407 1006 face·

111 1075 174 1124 ›re
197 1074 259 1151 per
290 1046 404 1123 aliurn
432 1046 585 1122 Missam
611 1043 858 1147 parochialem
884 1070 952 1146 pro
978 1044 1113 1148 populo
1137 1074 1155 1119 ›
1177 1047 1216 1124 S.
1243 1045 1407 1147 Congre-

107 1167 188 1269 gatio
212 1163 451 1266 responderit,
473 1163 716 1263 affirmative,
737 1161 804 1236 sad
817 1185 905 1237 cura
918 1162 1171 1264 applicatione
1198 1162 1328 1237 dicbus
1348 1165 1407 1263 fe-

108 1289 162 1357 so's
190 1291 355 1370 toatarar
374 1278 498 1382 arguit
522 1261 781 1379 Missam⁴pro
808 1275 939 1377 populo
967 1275 1150 1356 celebrare
1177 1279 1306 1355 debere
1331 1281 1408 1355 Pa-

107 1397 237 1474 rochum
263 1397 302 1472 in
329 1392 529 1498 parochiali
557 1391 725 1470 eeclesia.
757 1391 853 1470 Saue
881 1391 912 1468 si
941 1393 1129 1469 Parochus
1165 1419 1248 1471 cum
1279 1395 1409 1496 lapill-

108 1541 156 1592 mc
181 1516 273 1591 adsit
304 1515 476 1590 teneatur
503 1508 616 1586 alium
644 1512 869 1588 substituere
910 1513 952 1588 ut
986 1510 1142 1588 celebret
1177 1515 1214 1589 et
1251 1510 1409 1612 applicet

108 1631 243 1708 Missam
270 1630 398 1707 diebus
425 1625 542 1720 festis,
566 1624 655 1703 illud
673 1626 777 1728 sequi
796 1626 954 1719 videtur,
977 1632 1019 1705 ut
1033 1652 1112 1703 eam
1132 1625 1315 1729 applicare
1333 1650 1409 1702 non

109 1745 205 1846 possit
229 1770 294 1849 pro
321 1741 455 1847 populo
483 1765 550 1819 suo
577 1741 618 1816 in
644 1741 723 1818 loco
751 1742 814 1818 ubi
842 1743 961 1844 degat,
993 1769 1096 1822 secus
1134 1743 1225 1820 satis
1252 1744 1350 1819 esset
1376 1742 1408 1819 si

109 1867 233 1939 curaret
258 1861 413 1938 Missam
440 1858 692 1935 celebrandam
710 1859 801 1959 quin
828 1857 1087 1961 applicaretur.

184 1977 238 2054 hin
278 2001 376 2062 oure
413 1999 453 2052 ru
494 1997 737 2053 ceurennum
776 1999 870 2051 saur
910 2001 1187 2054 annumerasse.
1223 1976 1410 2053 Nonnulla

110 2093 177 2172 inde
201 2097 286 2170 sunt
313 2093 468 2170 adducta
504 2116 598 2193 quae
634 2093 869 2167 attenuarent
904 2095 1097 2193 utramque
1131 2092 1404 2194 obligationem.

112 2209 396 2286 Animadversum
424 2205 522 2284 enim
549 2209 618 2299 est,
641 2229 716 2281 non
742 2207 867 2283 deesse
894 2207 957 2307 qni
977 2212 1116 2309 putent,
1146 2208 1408 2310 obligationem

110 2325 339 2402 parochorum
365 2320 573 2398 celebrandi
598 2321 838 2430 personaliter
865 2323 1021 2398 Missam
1049 2348 1114 2424 pro
1155 2323 1301 2426 populo,
1334 2348 1409 2401 non

111 2443 183 2519 adeo
208 2463 359 2543 gravem
387 2461 478 2530 esse,
503 2439 545 2513 ut
572 2461 618 2512 ex
644 2437 718 2512 levi
745 2463 855 2514 causa
881 2463 956 2514 non
982 2439 1125 2540 possint
1159 2439 1195 2514 id
1222 2438 1343 2514 oneris
1371 2439 1411 2514 in

112 2556 184 2632 alios
208 2555 371 2648 relicere,
408 2551 621 2653 quotidiana
656 2549 732 2626 fere
768 2552 875 2654 praxi
908 2552 1168 2655 adstipulante3
1198 2551 1411 2631 Cavalerius

111 2683 184 2748 loru.
205 2670 231 2748 3
250 2697 310 2773 op.
333 2671 473 2771 liturg.
496 2695 526 2743 c.
550 2669 593 2744 8.
616 2668 667 2742 ad
684 2668 795 2743 decis.
817 2693 859 2743 a.
884 2667 927 2745 3.
949 2671 1025 2746 Neo
1047 2667 1161 2772 aliqui
1176 2667 1323 2745 absurdi
1342 2667 1411 2741 hoc

112 2787 322 2880 secumlerre,
345 2807 430 2860 oum
456 2784 552 2861 ratio
581 2783 785 2886 applicandi
813 2785 968 2860 Missam
996 2809 1062 2886 pro
1081 2783 1214 2888 populo
1234 2808 1308 2860 non
1336 2783 1409 2860 alia

110 2925 173 2976 esse
197 2902 376 2995 videatur,
399 2925 510 3002 qaam
537 2903 579 2975 ut
606 2899 746 2975 fruetus
775 2901 915 2976 medius
942 2925 1008 3001 pro
1035 2901 1170 3002 populo
1189 2899 1403 3002 applicetur,

110 3017 275 3120 eidemque
301 3017 438 3121 populo
466 3015 694 3092 commodum
735 3016 947 3117 porrigatur
984 3015 1155 3091 audiendi
1193 3039 1337 3092 sacrum
1370 3015 1409 3090 in

110 3134 238 3234 propria
263 3131 448 3236 paroecia:
470 3131 540 3207 duo
568 3133 693 3207 autem
720 3131 814 3207 haec
840 3131 922 3233 pari
950 3131 1055 3208 modo
1091 3131 1251 3218 obtineri
1284 3154 1409 3233 quam·

113 3246 158 3321 vis
181 3248 268 3326 alius
294 3251 495 3349 Presbyter
523 3246 696 3325 celebret.

177 3363 273 3450 Quod
300 3365 331 3440 si
358 3361 470 3440 nimis
497 3364 674 3465 urgeatur
692 3361 865 3462 obligatio
883 3365 1096 3465 personalis
1122 3363 1209 3440 illud
1236 3364 1341 3466 sequi
1361 3364 1411 3441 vi·

113 3474 252 3574 deretur,
275 3481 328 3573 ut,
352 3476 526 3579 impedito
553 3477 737 3568 Paroch0,
761 3476 936 3579 obligatio
964 3484 1136 3572 cessaret,
1160 3503 1242 3555 cum
1262 3479 1413 3580 obliga-

113 3591 155 3666 tio
178 3616 270 3670 mere
295 3591 501 3695 personalis
528 3615 721 3693 personam
739 3616 813 3669 non
848 3595 1070 3695 egrediatur.
1102 3590 1206 3682 Quod
1242 3596 1274 3670 si
1301 3596 1411 3671 nimis

114 3710 268 3806 urgeatur
293 3706 470 3808 obligatio
496 3705 638 3799 localis,
661 3705 754 3783 idest
781 3707 985 3784 celebrandi
1012 3734 1080 3812 per
1098 3734 1138 3786 se
1156 3710 1196 3786 in
1213 3708 1411 3812 paroeciali
1430 3727 1432 3732 ·
1470 3811 1474 3816 κ

116 3821 259 3917 eeclesia,
276 3822 468 3902 Parochus
485 3821 651 3923 legitime
670 3824 812 3916 absens,
835 3825 1022 3901 videretur
1040 3826 1087 3902 ab
1106 3825 1329 3928 obligatione
1349 3850 1410 3902 so-

116 3930 198 4011 lutus
221 3939 461 4017 substituendi
488 3937 600 4014 alium
628 3939 691 4039 qui
726 3939 881 4015 Missam
922 3941 1121 4017 celebraret
1147 3941 1186 4016 in
1212 3941 1411 4041 paroeciali

118 4049 255 4132 ecclesia.
275 4054 370 4134 Onm
396 4055 521 4156 itaque
549 4055 768 4131 alterutrum
795 4055 941 4132 admitti
977 4081 1051 4132 non
1087 4058 1215 4158 possit,
1253 4081 1326 4133 non
1352 4059 1411 4133 in-

119 4189 293 4272 congruum
319 4172 450 4264 uidem,
473 4198 576 4274 posse
594 4169 806 4249 Parochum
833 4173 943 4248 etiam
979 4198 1025 4249 ex
1051 4172 1126 4249 levi
1162 4198 1272 4249 eausa
1298 4174 1412 4249 alium

120 4283 326 4384 substituere,
351 4287 416 4390 qui
443 4287 597 4365 Missam
624 4313 692 4392 pro
719 4287 851 4390 populo
879 4287 1036 4363 celebrat
1062 4286 1101 4363 in
1128 4289 1323 4389 paroeciali
1357 4313 1412 4364 ec-

121 4397 222 4480 elesia.
241 4403 295 4482 Eo
322 4404 453 4508 magis,
477 4406 586 4507 quod,
610 4431 694 4482 eum
721 4429 768 4481 ex
803 4403 1003 4479 universali
1040 4405 1304 4481 consuetudine
1337 4430 1413 4482 non

120 4515 250 4618 anplius
275 4520 483 4622 paroeciani
510 4523 705 4598 teneantur
730 4519 883 4596 Missam
912 4519 1038 4597 audire
1066 4521 1104 4596 in
1132 4521 1327 4621 paroeciali
1353 4547 1414 4597 ec

117 4628 226 4732 alesia,
245 4637 334 4716 satis
363 4635 571 4718 consultum
607 4637 778 4715 videatur
810 4636 958 4741 utrique
983 4636 1102 4717 dictae
1129 4636 1344 4744 obligationi
1380 4641 1413 4718 si
