3238 4940
491 393 547 532 ll
569 529 570 532 ψ
590 393 625 533 l.
649 387 904 532 til-lituu
948 387 1297 530 llllllllllldl

742 777 1056 910 nnsrousuu

351 1067 414 1126 pro
434 1051 656 1113 interioribus
678 1048 887 1112 officialibus
908 1054 1038 1116 niueae
1057 1055 1205 1117 militiae
1225 1056 1263 1118 in
1283 1059 1445 1120 dominiis
1596 1104 1599 1118 .

724 1152 1078 1224 assumemus.
1594 1123 1599 1207 l

321 1323 543 1404 Ordinarius
560 1321 736 1410 dioeeesis
754 1325 803 1403 N.
826 1324 906 1404 aS.
928 1325 1223 1405 Poeniieniieria
1246 1327 1446 1430 quaesivit:
1469 1328 1542 1406 ‹Se

246 1441 344 1518 »sia
369 1439 479 1516 leeilo
506 1440 690 1516 aeeeitere
714 1437 767 1541 gli
794 1439 890 1517 offiei
917 1440 1084 1518 inferiori
1118 1441 1213 1520 della
1248 1442 1404 1545 guardia
1437 1443 1544 1521 nario
1599 1455 1600 1460 ‘

247 1557 383 1650 susle,
416 1577 519 1632 eorne
544 1553 583 1630 di
610 1553 799 1656 Sergenie,
832 1554 1012 1659 Ceporale
1038 1582 1059 1634 e
1086 1556 1198 1634 simili
1218 1554 1277 1662 (l)
1296 1559 1355 1634 ne’
1368 1557 1467 1660 quali
1482 1583 1544 1636 non
1599 1619 1600 1628 .

247 1675 320 1750 ›si
346 1675 471 1776 preste
497 1672 605 1749 alcun
630 1673 876 1774 giuramenlo.
902 1705 920 1748 ›
1600 1731 1601 1736 .

323 1790 363 1868 S.
385 1787 679 1868 Poeniienliarie
694 1811 736 1865 re
763 1787 955 1890 diligenter
973 1815 1154 1893 perpensa
1171 1791 1229 1868 die
1248 1791 1273 1869 3
1294 1791 1436 1894 Aprilis
1457 1789 1544 1870 1872
1600 1799 1603 1894 l

244 1904 447 2009 respondit:
480 1930 499 1974 r
526 1902 723 1987 Quatenus
750 1909 869 1978 eoacti
895 1905 1057 1980 militiae
1082 1929 1222 1981 nomen
1240 1906 1414 1982 dederint
1435 1916 1545 1983 et'ser-
1600 1967 1601 1980 2

244 2031 331 2098 oeni
357 2044 421 2096 eas
449 2021 576 2094 animi
599 2016 893 2118 dispositiones,
923 2044 1019 2122 quae
1047 2024 1241 2095 iniunctae
1266 2031 1360 2096 sunt
1387 2047 1411 2096 a
1437 2021 1545 2100 Sarra
1600 2019 1601 2052 ³

245 2137 557 2214 Poenitentiario
585 2137 629 2206 in
657 2139 847 2235 responsis
882 2134 993 2210 editis
1020 2135 1082 2210 die
1111 2134 1168 2209 10
1196 2133 1416 2212 Decembris
1444 2135 1546 2212 1860

237 2277 353 2358 posse
380 2251 553 2334 tolerari,
582 2257 626 2324 ui
652 2249 705 2324 ad
731 2249 995 2328 redimendam
1024 2255 1267 2326 uenationem
1291 2251 1465 2326 durioris
1481 2275 1548 2326 ser·

245 2373 332 2446 oitii
356 2366 528 2471 aradum
555 2364 722 2466 aliquem
757 2391 806 2441 ea
841 2364 1094 2467 inferioribus
1120 2375 1309 2468 acceptent
1336 2371 1379 2440 in
1407 2391 1477 2470 quo
1502 2371 1548 2440 iu-

245 2489 416 2561 romena·
434 2482 650 2585 draesiatio
675 2505 754 2556 non
781 2487 1016 2585 uniantur.»

325 2600 369 2676 In
396 2596 601 2698 Responsis
640 2595 735 2674 datis
763 2621 785 2671 e
813 2597 852 2674 S.
888 2597 1182 2676 Poeniienlieria
1222 2596 1282 2675 die
1325 2595 1374 2673 10
1414 2598 1549 2675 Decen-

246 2716 324 2794 bris
354 2711 457 2791 1860
485 2713 597 2814 (quae
622 2736 797 2815 responsa
821 2713 934 2791 habes
953 2715 994 2790 in
1020 2712 1097 2791 vol.
1119 2714 1150 2792 I.
1172 2739 1260 2817 pag.
1282 2711 1378 2818 558)
1398 2712 1466 2790 hoe
1482 2733 1549 2789 oon-

246 2832 410 2908 linelur:
440 2827 527 2906 Vlll
556 2854 575 2900 e
596 2827 675 2905 (lhe
701 2830 817 2906 dobba
834 2831 924 2908 dirsi
948 2831 1096 2908 intorno
1115 2856 1137 2907 a
1155 2827 1278 2932 quegli
1297 2829 1477 2906 individui
1495 2827 1549 2904 ohe

251 2977 270 3022 >
293 2947 418 3024 conire
443 2944 522 3020 loro
549 2943 698 3021 volonid
725 2969 815 3022 sono
842 2946 983 3023 aseritii
1010 2971 1030 3022 e
1058 2971 1225 3049 vengono
1253 2948 1419 3025 eostretli
1504 2945 1550 3022 ier

250 3062 398 3166 >perte
429 3057 523 3137 della
553 3060 751 3137 medesima
777 3061 952 3162 guendini
976 3090 995 3135 ›
1016 3063 1086 3141 Cui
1114 3063 1279 3164 quaesito
1307 3062 1347 3139 S.
1370 3061 1551 3139 Poeniien·

247 3183 358 3260 liaris
376 3179 578 3282 respondit:
611 3180 774 3256 «Posse
800 3181 961 3256 tolerari
986 3183 1130 3258 milites
1157 3187 1291 3258 oioieos
1319 3194 1477 3269 coaetos,
1495 3183 1552 3285 qui

248 3300 431 3374 militiam
458 3296 597 3396 absque
612 3301 730 3398 qraoi
754 3296 894 3372 damno
921 3321 989 3372 seu
1022 3298 1259 3374 incommodo
1290 3297 1462 3375 de'serere
1498 3321 1552 3372 ne·

249 3423 407 3518 queunt,
425 3410 627 3487 dummodo
645 3421 772 3494 tannen
784 3417 916 3487 animo
926 3418 1065 3514 parati
1078 3418 1156 3488 sini
1170 3438 1255 3489 earn
1269 3414 1438 3490 deserere
1451 3437 1553 3516 quam

241 3535 424 3632 primum
455 3536 639 3628 poterunt
666 3536 700 3600 et
727 3531 887 3603 inierim
924 3527 1112 3602 abstinere
1139 3528 1185 3603 ab
1214 3529 1392 3604 omnib-us
1424 3528 1552 3604 actibus

250 3644 471 3721 hostilitatis
503 3647 546 3716 in
572 3640 740 3717 subditos
767 3652 801 3716 ei
827 3643 972 3718 milites
1008 3643 1174 3746 leyiiimi
1213 3641 1417 3746 Principis
1456 3655 1488 3719 et
1515 3639 1552 3714 ad

250 3760 398 3837 actibus
429 3767 562 3832 contro
589 3756 814 3843 deumiura
841 3766 875 3832 ei
893 3781 1086 3859 personas
1112 3758 1426 3836 ecclesiasticas.»
1458 3779 1460 3782 ·

380 3925 439 4002 llx
468 3945 597 4009 eunus
623 3945 810 4001 couniens:

330 4097 360 4175 l.
379 4095 468 4188 uos,
500 4093 563 4195 qui
591 4118 613 4169 a
639 4093 819 4195 gubernio
846 4093 990 4172 intruso
1017 4093 1056 4170 in
1084 4093 1124 4173 S.
1148 4093 1252 4174 Sedis
1280 4096 1443 4174 dominia
1461 4097 1498 4172 in
1515 4093 1553 4169 ei·

251 4212 372 4289 vieam
399 4211 569 4288 militiam
596 4209 850 4286 adscribuntur
877 4214 916 4286 ei
942 4212 1080 4321 absque
1098 4215 1204 4314 gravi
1232 4211 1458 4290 ineomrnodo
1483 4233 1552 4288 ean

304 4369 347 4445 (1)
366 4373 469 4437 Quanto
488 4373 575 4424 simili
594 4371 619 4424 ei
632 4370 774 4434 restringe
793 4371 821 4422 el
835 4370 887 4422 Po·
932 4385 1066 4436 sponsum
1085 4369 1112 4424 S.
1136 4370 1380 4424 Paenitenlieriee
1399 4387 1448 4440 per
1464 4369 1552 4424 Getho-

252 4461 337 4525 riere,
351 4461 401 4513 ohe
421 4463 435 4512 e
454 4459 541 4524 gredo
561 4459 705 4526 superlore
726 4460 754 4510 sl
768 4458 886 4522 Sergeu-
931 4458 1003 4514 liras
1022 4460 1215 4527 ephemerides
1235 4461 1291 4513 ium
1314 4461 1373 4514 luit
1401 4467 1474 4516 reete
1491 4460 1552 4511 rele-

254 4551 292 4612 te,
315 4547 448 4614 deposui
468 4562 523 4597 non
548 4547 577 4598 vi
596 4551 610 4597 e
630 4547 680 4599 ohe
699 4548 721 4599 il
741 4545 885 4616 Caporale,
933 4556 1000 4617 tum5
1018 4550 1066 4603 sed
1086 4566 1140 4602 uon
1155 4553 1198 4604 ita
1211 4552 1369 4618 quaesitum
1384 4551 1454 4618 qued
1467 4546 1550 4610 retuli,

253 4637 277 4692 il
300 4635 383 4705 quale
403 4640 418 4689 o
437 4633 522 4702 gredo
536 4633 639 4687 infimo.
657 4635 731 4689 Nota
750 4635 821 4705 quod
835 4637 886 4693 Re·
933 4639 1061 4711 quodque
1080 4657 1115 4695 ex
1134 4641 1297 4698 authentico
1316 4642 1395 4697 fonte
1414 4635 1551 4708 desumpsi.
