3338 4962
617 269 801 330 sirmium.
1332 253 1373 334 tt

88 370 292 459 >Sacerdote
319 373 364 458 de
390 377 506 482 ipsius
533 379 693 456 Parachi
721 403 784 456 seu
802 377 984 456 Ordinarii
1005 371 1155 456 licentia
1173 383 1210 456 et
1238 379 1375 457 duohus

90 497 161 572 »rel
183 499 303 574 trihus
329 498 484 574 testibus
511 494 786 572 matrimonium
806 496 1022 574 contrahere
1041 498 1287 592 attentabunt,
1314 523 1376 576 eos

89 617 226 688 »sancta
255 613 422 714 Synodus
449 611 494 687 ad
521 609 573 688 sic
608 609 900 686 contrahendum
926 612 1203 688 matrimonium
1223 614 1378 689 ommno

89 726 281 802 »inhabiles
309 726 436 818 reddit,
462 728 500 800 et
534 723 743 800 huiusmodi
778 728 988 801 contractus
1021 725 1146 802 irritos
1182 729 1220 801 et
1257 725 1379 810 nullos

88 864 179 914 »esse
205 839 382 934 decernit,
404 844 513 942 prout
540 864 602 916 eos
628 839 811 941 praesenti
831 841 985 918 Decreta
1005 841 1127 916 irritos
1146 839 1233 917 lacit
1260 850 1297 917 et
1314 867 1381 917 an·

88 954 240 1049 inullat3
262 985 281 1028 »
303 954 573 1050 animadvertit,
598 955 637 1032 S.
658 954 702 1033 0.
724 953 767 1032 C.
787 955 993 1033 definivisse
1019 956 1185 1034 sufficere
1211 981 1382 1058 praesen-

84 1069 152 1145 tiam
174 1070 288 1148 solius
314 1070 474 1152 Parachi
494 1075 656 1173 proprii
688 1093 850 1172 sponsae
898 1077 964 1150 aut
998 1077 1144 1176 sponsi:
1170 1081 1381 1175 propriam

84 1209 150 1262 cam
165 1186 387 1264 Pei-ochum
405 1210 484 1264 esse
502 1192 544 1262 ia
562 1190 674 1260 cuius
684 1191 869 1286 paroecia
881 1187 1118 1266 domicilium
1126 1195 1300 1290 positam
1318 1191 1382 1266 ha·

86 1301 180 1388 tetur,
198 1303 388 1382 Benedici.
410 1303 514 1382 XIV.
536 1300 632 1379 last.
655 1299 741 1376 ecci.
766 1299 839 1377 33.
860 1327 901 1379 a.
926 1301 972 1391 3,·
995 1327 1069 1380 non
1097 1327 1183 1379 vero
1210 1302 1313 1382 illum
1342 1304 1382 1382 in

85 1415 163 1492 cuius
178 1421 347 1524 paroecia
374 1417 506 1518 aliquis
524 1420 623 1491 vitae
633 1417 856 1514 primordia
874 1423 1050 1519 suscepit.
1073 1418 1129 1494 Eo
1149 1419 1267 1520 magis
1286 1421 1382 1522 quod

86 1532 420 1628 quan'loParochum
438 1531 498 1608 vel
511 1530 622 1606 etiam
636 1527 861 1632 Episcopum
873 1532 1024 1634 originis
1041 1558 1089 1609 se.
1104 1557 1262 1611 canones
1281 1561 1380 1612 com·

86 1647 170 1744 plecti
187 1649 393 1741 voluerunt,
409 1647 447 1722 id
464 1669 635 1747 expresse
653 1643 933 1740 declaraverint,
958 1652 1000 1726 ut
1017 1672 1084 1749 pro
1103 1673 1134 1723 s.
1150 1649 1382 1728 ordinatione

86 1757 194 1838 lactum
220 1766 287 1856 est,
313 1761 476 1840 Sanchez
502 1763 529 1838 i.
553 1760 581 1838 3
608 1761 706 1858 disp.
727 1758 788 1838 23
814 1786 855 1838 a.
879 1763 922 1839 7.

144 1876 194 1952 dx
218 1877 396 1953 canonica
414 1899 501 1952 vero
519 1875 818 1978 iurisprudentia‚
843 1876 991 1984 inducta
1023 1878 1259 1959 distinctione
1286 1879 1385 1958 inter

84 1990 293 2087 domicilium,
316 1997 356 2068 et
372 1989 746 2093 quasi-domicilium,
769 1990 986 2070 alterutrum
1005 1995 1172 2073 sufficere
1198 1997 1243 2074 ad
1262 1998 1384 2074 deter·

85 2103 269 2184 minandum
296 2106 505 2184 Parachum
524 2113 734 2209 propm'am
760 2108 904 2184 ratione
923 2108 1146 2186 matrimonii
1165 2111 1327 2189 ineundi.

145 2221 254 2298 Porro
282 2223 324 2298 ut
364 2220 722 2322 quasi—domicilium
759 2221 894 2323 aliquis
930 2225 1111 2326 acquirat,
1144 2226 1197 2301 ita
1230 2231 1273 2304 ut
1309 2251 1383 2305 non

85 2357 165 2410 nere
189 2338 322 2440 hospes
349 2341 543 2412 censeatur
571 2337 634 2413 sed
661 2336 847 2413 habitator
873 2341 911 2413 et
937 2338 1058 2415 incola
1085 2363 1127 2415 ac
1145 2341 1297 2442 proinde
1309 2370 1385 2444 pa-

85 2457 275 2536 roecianus,
292 2451 384 2528 alios
402 2476 483 2528 esse
502 2451 565 2553 qui
585 2454 712 2527 tenent
730 2475 821 2552 opus
840 2475 918 2530 esse
937 2456 978 2530 ut
995 2463 1141 2531 maiore
1160 2462 1259 2531 aaai
1266 2469 1384 2559 parte

84 2565 194 2664 degere
219 2567 269 2644 ibi
296 2565 400 2660 velit,
422 2564 544 2643 animo
571 2568 697 2667 postea
724 2565 772 2640 ad
797 2566 988 2667 proprium
1020 2568 1246 2646 domicilium
1274 2574 1385 2648 remi-

84 2683 204 2778 prandi,
227 2685 269 2758 ut
296 2683 479 2785 contingit
497 2682 536 2757 in
553 2679 791 2774 scholaribus,
813 2683 1049 2758 mercenariis
1067 2683 1273 2763 locantihus
1296 2712 1383 2764 suas

85 2821 208 2897 operas,
232 2799 285 2876 ita
313 2798 477 2878 Sanchea
505 2798 532 2872 l.
555 2824 586 2871 c.
611 2821 652 2871 a.
686 2795 760 2882 13,
790 2798 994 2875 Leurenius
1031 2801 1058 2874 l.
1081 2827 1110 2874 c.
1140 2802 1167 2877 l.
1202 2802 1229 2876 4
1259 2809 1317 2878 iit.
1356 2803 1383 2878 3

85 2939 113 3012 q.
135 2915 211 2989 147
232 2941 272 2989 a.
297 2915 341 2990 1.-
362 2914 424 2990 sed
443 2912 533 2988 alios
552 2911 700 3004 sentire,
724 2912 891 2989 sufficere
909 2912 1173 2992 habitationem
1202 2943 1285 2994 cum
1305 2919 1386 2996 ani-

85 3051 133 3102 nro
165 3028 201 3104 in
236 3029 315 3105 loco
351 3026 572 3103 consistendi
610 3051 686 3126 per
721 3027 870 3128 aliquoi
904 3053 1067 3114 accuses,
1098 3032 1312 3132 praesertim
1351 3035 1383 3109 si

86 3141 206 3237 domus,
228 3143 399 3221 conclave
419 3146 490 3219 etc.
513 3143 625 3218 fuerit
651 3142 842 3236 conducta,
868 3142 921 3219 ita
949 3144 1270 3246 Schmalzgrueher
1304 3149 1385 3229 i.2

88 3259 176 3336 are
200 3287 237 3336 a.
262 3259 318 3336 19
347 3283 428 3335 cum
457 3257 555 3334 aliis.

153 3375 262 3452 Semel
291 3381 413 3453 autem
441 3399 484 3451 ac
512 3372 693 3475 quispiam
722 3378 899 3450 am'mam
926 3399 1051 3478 reapse
1070 3383 1176 3480 gerat
1203 3381 1326 3485 aliquo
1345 3379 1385 3461 in

88 3485 151 3563 loco
174 3491 340 3569 manendi
366 3494 511 3567 tantum
539 3493 715 3591 quantum
744 3490 789 3563 ad
817 3489 1057 3570 domicilium
1085 3495 1143 3572 vel
1181 3499 1386 3598 quasi-do-

88 3607 255 3684 micilium
272 3607 536 3708 acquirendum
554 3603 770 3705 requiritur,
795 3610 1039 3684 communiter
1057 3611 1221 3688 doctores
1240 3614 1377 3708 docere,

87 3717 187 3796 aalide
211 3722 259 3800 ibi
286 3721 563 3798 matrimonium
590 3717 758 3794 contrahi
785 3717 899 3794 etiam
933 3723 1061 3799 statim
1092 3753 1135 3803 ac
1177 3728 1263 3804 illuc
1298 3754 1385 3806 eon-

87 3835 252 3914 trahentes
285 3838 506 3940 appulerint,
537 3833 701 3912 Sanchez
737 3832 764 3908 l.
789 3860 819 3924 ρ.
851 3859 893 3913 a.
929 3837 1001 3924 14,
1030 3841 1195 3921 Barbosa
1231 3845 1276 3920 de
1312 3847 1378 3947 off.

88 3945 238 4029 Perochi
255 3980 301 4057 p.
323 3953 369 4034 2.
393 3981 424 4029 c.
446 3951 505 4032 24
533 3977 574 4027 a.
593 3947 652 4025 35
674 3945 689 4052 (
716 3945 751 4051 ).

131 4159 167 4234 (1)
186 4167 250 4222 Post
276 4167 345 4222 haee
375 4165 531 4220 canonisis
554 4164 700 4228 ostendit,
748 4161 782 4218 de
802 4182 854 4233 quo
868 4168 1038 4222 mentionem
1053 4171 1121 4224 fecit
1134 4171 1302 4226 Benedictus
1318 4173 1383 4228 xlv

89 4248 205 4308 eiusnodi
231 4257 263 4310 ds
282 4257 424 4311 domicilio
445 4273 493 4310 sen
518 4257 703 4324 quasi-domi·
748 4254 778 4304 in
798 4271 831 4307 ea
843 4259 975 4324 epistole,
990 4261 1107 4312 sufficiat
1120 4266 1151 4312 ut
1164 4261 1270 4327 aliquia
1285 4262 1382 4313 valide

89 4341 146 4392 tilio
162 4344 298 4400 doctrinae
324 4363 380 4399 non
404 4349 507 4415 opponi
527 4347 599 4414 quod
620 4349 704 4398 Bene·
748 4347 946 4398 contrahatis
968 4348 1025 4399 loco
1049 4347 1096 4398 ubi
1119 4364 1168 4413 per
1187 4365 1308 4400 mensem
1329 4367 1383 4400 rno-

89 4423 167 4482 dictus
183 4433 244 4488 XIV
267 4437 385 4502 scripsit
408 4437 438 4488 in
458 4438 580 4503 epistola
599 4435 634 4488 ad
652 4435 699 4490 Ar·
744 4439 823 4486 ratus
835 4435 1106 4500 luerit,qnocumque
1119 4435 1330 4488 demumanimo
1342 4438 1382 4488 ibi

88 4515 272 4590 chieplrcopum
286 4525 408 4577 Goanum
420 4525 466 4576 die
481 4527 513 4576 19
523 4525 620 4578 Martii
632 4525 699 4576 1758
745 4531 875 4578 moretur.
897 4526 948 4577 Sed
969 4526 1123 4578 Canonista
1141 4527 1225 4578 iuxta
1245 4533 1382 4591 receptam

91 4599 216 4672 despatio
234 4615 315 4666 unius
336 4615 449 4666 mensis.
475 4615 590 4666 Movent
609 4613 700 4679 aliqui
746 4617 934 4679 sententiam,
965 4614 1110 4680 ostendit,
1131 4631 1192 4666 curn
1220 4615 1382 4666 Pontificem

91 4700 275 4776 quaestionem,
296 4718 330 4758 en
351 4705 474 4773 spatium
492 4706 575 4759 unius
594 4706 698 4760 mensis
745 4709 874 4762 statuere
894 4705 1029 4776 noluisse,
1054 4707 1077 4756 1⁰
1092 4721 1194 4760 moram
1216 4707 1297 4760 unius
1312 4719 1384 4760 rnen·
