3238 4940
260 252 322 322 150
845 272 978 324 uacuam
1094 274 1101 300 ¹·

256 423 496 496 Neapolitana,
517 425 789 483 Beatiiloatiouis
811 429 845 482 et
867 423 1140 482 canonizationis
1161 424 1380 486 Venerabilis
1402 427 1561 488 cervical

336 523 391 580 Fr.
407 523 533 580 Aloisii
554 540 573 580 a
593 525 816 582 sanctissimo
840 524 1009 582 crucifixo
1039 523 1235 580 Sacerdotis
1257 523 1409 580 Professi
1438 527 1561 582 ordinis
1606 535 1607 538 ’

336 620 505 678 Minorum
525 623 807 678 Excalceatorum
828 621 1013 678 strictioris
1029 621 1273 678 observantiae
1295 622 1327 678 S.
1345 623 1440 680 Petri
1463 625 1505 681 de
1518 627 1562 679 Ai-

338 723 477 777 oantara
497 720 695 778 Provinciae
716 721 975 789 Neapolitanae.

339 891 523 950 Ducnsruu.
547 892 720 951 «instante
742 887 821 950 Rn‘uo
842 891 936 952 Patre
962 889 1160 951 Postuletore
1188 891 1303 952 Causae
1331 892 1564 954 Beatiiicationis

260 993 292 1050 ct
313 990 563 1050 Oanonizationis
583 987 662 1049 Ven.
679 989 770 1048 Servi
792 989 848 1049 Dei
867 990 979 1070 aloisii
1000 990 1234 1050 eSanctissimo
1248 991 1405 1051 crucifixo
1428 995 1564 1070 praedicti

260 1083 355 1148 arins
375 1092 408 1146 et
429 1082 525 1148 anus
546 1088 582 1146 D.
599 1086 773 1147 cardinalis
795 1086 946 1146 Hannibal
968 1087 1089 1162 Gapalti
1116 1086 1182 1145 loco
1207 1089 1240 1146 et
1261 1087 1329 1146 vioe
1356 1086 1425 1150 Eu‘ri
1454 1094 1487 1149 ct
1506 1088 1565 1150 Rrii

260 1189 297 1246 D.
313 1182 489 1245 Cardinalis
509 1182 679 1242 Alexandri
701 1183 842 1244 Bersabe
863 1184 978 1243 Causae
1000 1184 1096 1260 ipsius
1118 1185 1266 1244 Ponentis
1287 1185 1424 1246 absentis
1452 1207 1566 1265 sequeus

261 1282 423 1361 proposuit
445 1281 572 1341 Dubium
596 1283 627 1340 in
649 1281 824 1342 Ordinariis
845 1283 1013 1342 Sacrorum
1034 1282 1163 1342 Rituum
1190 1283 1332 1343 comitiis
1360 1286 1509 1345 hodierna
1527 1288 1566 1346 dic
1611 1299 1612 1314 ¹

262 1383 298 1442 ad
322 1381 506 1441 Vaticanum
522 1380 648 1440 habitis:
664 1382 749 1442 «Aa
770 1384 934 1440 sententia
948 1380 1072 1440 Iudicis
1093 1383 1131 1440 ab
1153 1379 1234 1440 Erico
1255 1389 1286 1440 ct
1307 1381 1386 1442 limo
1408 1383 1449 1444 D.
1467 1383 1567 1443 Gurdi-

261 1483 335 1540 aali
355 1481 602 1557 Amdiepiscopo
621 1479 836 1554 Neapolitano
857 1479 998 1555 delcyuti
1020 1481 1089 1538 lata
1103 1499 1197 1556 super
1211 1477 1308 1541 calcu
1323 1481 1506 1542 VemScrvo
1520 1483 1568 1543 Ilei

263 1579 387 1638 Aluisr'o
408 1596 428 1637 a
442 1577 654 1637 Sanctr'asimo
676 1575 840 1652 Crucifloro
860 1569 1039 1653 numquam
1060 1579 1213 1647 cohibito,
1231 1582 1297 1638 sive
1310 1584 1568 1658 superpositione
1612 1609 1613 1632 2

263 1676 405 1737 Decretis
425 1695 471 1736 sa.
488 1693 547 1735 me.
565 1676 687 1737 Urbani
706 1676 817 1752 Papae
836 1675 920 1733 VIII
937 1679 980 1734 sit
1001 1677 1226 1752 confirmanda
1247 1681 1284 1736 ie
1304 1696 1382 1738 casu
1402 1688 1433 1738 et
1451 1680 1494 1739 ud
1506 1681 1569 1756 effe·

264 1779 350 1833 ctum
370 1773 408 1833 dc
427 1789 490 1849 quo
511 1773 677 1849 agitari»
696 1769 763 1832 Emi
785 1790 876 1849 porro
898 1791 932 1832 eo
954 1769 1025 1832 Rn'ri
1048 1775 1160 1834 Patres
1181 1775 1286 1835 Sacris
1308 1777 1431 1837 tuendIa
1455 1779 1569 1839 Ritibus

264 1870 432 1947 praepositi
454 1870 596 1930 omnibus
616 1875 759 1931 accurate
776 1870 935 1947 perpensis
956 1871 1120 1948 auditoque
1137 1891 1211 1932 voce
1225 1876 1258 1933 et
1271 1874 1387 1951 scripto
1403 1878 1444 1936 R.
1452 1877 1486 1936 D.
1499 1878 1571 1936 Lau·

264 1969 368 2028 rentio
390 1968 512 2029 Salvati
535 1969 666 2028 Sanctae
680 1967 770 2027 Fidei
785 1967 978 2025 Promotoris
991 1967 1175 2027 coadiutore
1197 1969 1369 2029 rescribere
1383 1977 1569 2032 censuerunt:
1613 1981 1614 1986 ’

264 2066 496 2143 ‹Affirmoiioc
516 2083 571 2125 seu
590 2068 784 2126 sententium
806 2081 868 2124 esse
889 2065 1183 2141 confirmandam.»
1199 2066 1254 2126 Die
1275 2066 1313 2126 31
1334 2069 1472 2145 Augusti
1489 2071 1568 2129 1872.

345 2179 362 2222 r
378 2165 476 2223 Facta
497 2163 690 2239 postmodum
706 2161 741 2218 de
756 2160 935 2237 praemissis
957 2161 1159 2221 Sanctissimo
1174 2161 1304 2222 Domino
1317 2165 1434 2225 Nostro
1456 2166 1509 2226 Pio
1523 2169 1572 2226 Pa·

265 2277 321 2337 pae
343 2261 386 2320 IX
407 2277 463 2336 per
484 2258 718 2334 infrascriptum
734 2257 948 2317 Substitutum
969 2258 1164 2318 Secretariae
1179 2261 1346 2320 Sacrorum
1362 2263 1491 2324 Ritunm
1505 2265 1572 2324 Con·

266 2356 458 2434 gregatiunis
479 2355 562 2416 fideli
584 2353 748 2428 relatione,
774 2354 930 2416 Sanctitas
962 2356 1025 2415 Sua
1045 2357 1243 2434 Rescriptum
1271 2360 1384 2420 Sacrae
1409 2363 1572 2442 congrega·

266 2455 360 2516 tionis
380 2456 412 2514 in
435 2453 575 2514 omnibus
596 2457 700 2514 ratum
721 2453 836 2512 habere
856 2470 891 2514 ae
912 2453 1094 2515 confirmare
1109 2455 1238 2532 dignata
1250 2461 1309 2518 eat.
1329 2457 1386 2518 ule
1406 2459 1427 2519 5
1446 2461 1574 2540 Septen·

267 2553 332 2612 bris
353 2570 434 2614 auno
454 2552 599 2610 eodem.»

402 2673 436 2734 c.
453 2671 555 2748 Episc.
572 2670 692 2731 Ostien.
708 2673 742 2732 et
756 2670 911 2732 Veliteru.
928 2671 1020 2734 card.
1036 2672 1170 2734 Paramr
1190 2675 1223 2734 S.
1240 2677 1280 2736 R.
1296 2675 1330 2736 c.
1346 2676 1452 2738 Praei.

346 2779 430 2841 Loco
445 2782 477 2848 ris
492 2776 581 2856 Signi

770 2870 836 2930 Pro
857 2871 897 2930 R.
914 2871 953 2932 P.
970 2871 1011 2933 D.
1027 2871 1195 2935 Domiaieo
1215 2874 1386 2935 Bariolr'ai
1406 2875 1573 2938 Scor-sturio

906 2969 1058 3047 Iosephus
1080 2967 1237 3032 Giocolim'
1255 2971 1466 3036 Substitutus.

440 3143 673 3202 constantien.
696 3142 970 3202 canonizationis
991 3143 1090 3202 Beati
1109 3143 1246 3203 Nicolal
1268 3113 1313 3202 da
1332 3145 1418 3203 Flue

763 3241 934 3299 cremitae
955 3242 1091 3301 clretii.

348 3417 534 3477 Duonuruu.
555 3412 703 3475 «Beatus
723 3412 869 3473 Nicolens
890 3413 927 3472 de
949 3412 1026 3473 Flue
1056 3429 1109 3472 seu
1130 3411 1168 3471 de
1189 3413 1277 3488 Rupe
1299 3412 1493 3489 nuncupatus
1518 3410 1575 3488 pri-

269 3532 351 3576 mam
374 3511 495 3590 aspexit
516 3511 615 3570 lucam
637 3509 670 3569 in
690 3509 810 3586 Oppido
833 3509 968 3569 Saxulae
990 3508 1238 3571 constantiensis
1251 3493 1429 3568 Dioeceseos
1449 3509 1495 3569 die
1511 3507 1576 3568 XXI

269 3611 379 3674 Martii
400 3611 515 3669 Sancto
535 3607 703 3670 Benedioto
718 3625 808 3668 saera
828 3624 909 3668 euno
930 3605 1151 3668 MGGGGXVII
1170 3608 1204 3667 et
1223 3605 1256 3664 in
1277 3605 1421 3684 proxima
1435 3603 1578 3668 Kornensl

270 3708 410 3770 Ecclesia
430 3707 635 3784 Baptismatis
657 3707 783 3767 lavaero
805 3705 930 3766 ablutus
951 3708 1011 3778 est,
1034 3722 1069 3765 ae
1090 3703 1160 3763 dein
1182 3721 1320 3781 congruo
1341 3707 1479 3783 tempore
1501 3721 1577 3764 sacro

269 3797 447 3871 chrismate
468 3807 678 3867 confirmatus.
695 3809 771 3866 Gum
793 3804 926 3882 piissimi
944 3804 1010 3864 eius
1025 3807 1169 3881 parentes
1190 3803 1236 3863 rei
1252 3804 1388 3866 rusticae
1402 3823 1521 3882 operam
1532 3803 1580 3862 da·

270 3910 355 3978 rent,
371 3906 436 3982 ipse
458 3907 527 3981 post
539 3907 682 3963 exactam
703 3904 784 3962 mire
802 3904 888 3962 ritae
903 3902 1080 3962 innocentia
1101 3900 1270 3978 pueritiam
1291 3903 1377 3980 agris
1391 3901 1579 3962 colendisad·

272 4006 393 4078 dietus,
416 4003 547 4063 officium
568 4003 625 4060 hoc
647 4002 733 4061 recte
753 3999 880 4076 explere
902 4000 1019 4076 sategit
1040 4003 1132 4076 eique
1154 3999 1335 4076 parentibus
1356 4001 1420 4061 suis
1441 4000 1472 4060 in
1493 3996 1579 4058 onni-

271 4103 328 4162 bus
349 4100 660 4180 obsequentissimum
680 4115 712 4157 se
734 4097 890 4174 praebuit.
907 4098 1037 4158 interim
1059 4096 1182 4156 divinae
1196 4097 1276 4174 legis
1291 4099 1461 4159 servandae
1475 4093 1580 4158 studio·

272 4200 412 4262 sissimus
432 4219 451 4260 e
472 4201 596 4276 peceato
617 4213 738 4274 semper
759 4196 934 4270 abhorruit,
957 4198 1050 4272 atque
1072 4213 1131 4255 non
1153 4195 1241 4254 modo
1261 4197 1402 4272 exemplo
1423 4196 1473 4255 sed
1492 4193 1576 4256 etiam

272 4299 389 4360 sanetis
410 4297 537 4357 monitis
559 4296 714 4373 proximos
735 4296 767 4353 et
789 4294 973 4370 praesertim
994 4296 1175 4353 coaetaneos
1202 4293 1240 4353 ad
1260 4292 1372 4352 bonam
1393 4293 1510 4370 frugem
1528 4305 1577 4366 pro

274 4396 395 4456 viribus
417 4393 568 4454 adducere
589 4395 716 4452 conatus
736 4397 796 4451 est.
813 4393 981 4451 Parentum
1003 4389 1156 4452 desiderio
1177 4392 1346 4469 obsequens
1364 4391 1448 4469 piam
1468 4408 1500 4450 ao
1513 4403 1577 4465 prc-

274 4495 343 4554 bam
366 4507 494 4552 uxorem
517 4491 608 4551 duxit
621 4507 659 4549 ex
674 4507 734 4566 que
748 4492 851 4549 dacem
866 4490 981 4548 liberos
995 4488 1141 4567 suscepit,
1156 4509 1231 4568 quos
1253 4507 1356 4550 omnes
1379 4491 1415 4550 ed
1438 4490 1575 4550 virtutem

275 4591 444 4650 informare
465 4589 597 4648 studuit.
613 4589 709 4654 Quum
729 4587 914 4664 integritate
929 4605 1048 4647 morum
1063 4607 1097 4648 ac
1112 4589 1294 4666 prudentiae
1310 4588 1401 4650 laude
1416 4584 1576 4664 praestaret

275 4687 424 4752 Nicoleus
445 4686 596 4764 supremis
618 4685 818 4764 Reipublicae
840 4687 1059 4753 condecoratus
1079 4689 1127 4748 est
1146 4685 1372 4771 honoribusset
1391 4687 1473 4748 inter
1491 4683 1577 4746 acuu-
