<?xml version="1.0" encoding="UTF-8"?>
<!DOCTYPE html PUBLIC "-//W3C//DTD XHTML 1.0 Transitional//EN"
    "http://www.w3.org/TR/xhtml1/DTD/xhtml1-transitional.dtd">
<html xmlns="http://www.w3.org/1999/xhtml" xml:lang="en" lang="en">
 <head>
  <title>
</title>
<meta http-equiv="Content-Type" content="text/html;charset=utf-8" />
  <meta name='ocr-system' content='tesseract 3.04.00' />
  <meta name='ocr-capabilities' content='ocr_page ocr_carea ocr_par ocr_line ocrx_word'/>
</head>
<body>
  <div class='ocr_page' id='page_1' title='image "actasanctaesedi04popegoog_0029.png"; bbox 0 0 3338 4962; ppageno 0'>
   <div class='ocr_carea' id='block_1_1' title="bbox 462 904 1286 1068">
    <p class='ocr_par' dir='ltr' id='par_1_1' title="bbox 462 904 1286 1068">
     <span class='ocr_line' id='line_1_1' title="bbox 462 904 1286 974; baseline -0.001 -7"><span class='ocrx_word' id='word_1_1' title='bbox 462 906 512 968; x_wconf 83' lang='lat' dir='ltr'>De</span> <span class='ocrx_word' id='word_1_2' title='bbox 532 915 617 963; x_wconf 83' lang='lat' dir='ltr'>novo</span> <span class='ocrx_word' id='word_1_3' title='bbox 638 904 855 963; x_wconf 78' lang='lat' dir='ltr'>Provicario</span> <span class='ocrx_word' id='word_1_4' title='bbox 876 905 1074 974; x_wconf 77' lang='lat' dir='ltr'>Apostolioo</span> <span class='ocrx_word' id='word_1_5' title='bbox 1098 906 1286 966; x_wconf 83' lang='lat' dir='ltr'>constituto</span> 
     </span>
     <span class='ocr_line' id='line_1_2' title="bbox 493 999 1263 1068; baseline 0.001 -13"><span class='ocrx_word' id='word_1_6' title='bbox 493 1013 555 1068; x_wconf 81' lang='lat' dir='ltr'>pro</span> <span class='ocrx_word' id='word_1_7' title='bbox 570 999 679 1057; x_wconf 78' lang='lat' dir='ltr'>sacris</span> <span class='ocrx_word' id='word_1_8' title='bbox 693 999 919 1056; x_wconf 75' lang='lat' dir='ltr'>Missionibns</span> <span class='ocrx_word' id='word_1_9' title='bbox 932 999 1073 1058; x_wconf 79' lang='lat' dir='ltr'>Africae</span> <span class='ocrx_word' id='word_1_10' title='bbox 1087 1001 1263 1057; x_wconf 75' lang='lat' dir='ltr'><strong>centralis.</strong></span> 
     </span>
    </p>
   </div>
   <div class='ocr_carea' id='block_1_2' title="bbox 734 1303 1020 1416">
    <p class='ocr_par' dir='ltr' id='par_1_2' title="bbox 734 1303 1020 1416">
     <span class='ocr_line' id='line_1_3' title="bbox 734 1303 1020 1416; baseline 0 -32"><span class='ocrx_word' id='word_1_11' title='bbox 734 1303 1020 1416; x_wconf 81' lang='lat' dir='ltr'>unonuruu</span> 
     </span>
    </p>
   </div>
   <div class='ocr_carea' id='block_1_3' title="bbox 170 1569 1629 3474">
    <p class='ocr_par' dir='ltr' id='par_1_3' title="bbox 170 1569 1629 2759">
     <span class='ocr_line' id='line_1_4' title="bbox 300 1569 1535 1678; baseline 0 -26"><span class='ocrx_word' id='word_1_12' title='bbox 300 1609 318 1652; x_wconf 89' lang='lat'>‹</span> <span class='ocrx_word' id='word_1_13' title='bbox 340 1573 434 1658; x_wconf 84' lang='lat' dir='ltr'>Cum</span> <span class='ocrx_word' id='word_1_14' title='bbox 461 1573 499 1655; x_wconf 83' lang='lat' dir='ltr'>S.</span> <span class='ocrx_word' id='word_1_15' title='bbox 522 1570 768 1678; x_wconf 72' lang='lat' dir='ltr'>congregatio</span> <span class='ocrx_word' id='word_1_16' title='bbox 794 1570 1006 1651; x_wconf 82' lang='lat' dir='ltr'>Christiano</span> <span class='ocrx_word' id='word_1_17' title='bbox 1032 1569 1180 1650; x_wconf 91' lang='lat' dir='ltr'>Nomini</span> <span class='ocrx_word' id='word_1_18' title='bbox 1216 1572 1458 1676; x_wconf 78' lang='lat' dir='ltr'>propagando</span> <span class='ocrx_word' id='word_1_19' title='bbox 1496 1571 1535 1652; x_wconf 86' lang='lat' dir='ltr'>in</span> 
     </span>
     <span class='ocr_line' id='line_1_5' title="bbox 216 1689 1629 1802; baseline -0.006 -26"><span class='ocrx_word' id='word_1_20' title='bbox 216 1698 451 1802; x_wconf 85' lang='lat' dir='ltr'>generafibus</span> <span class='ocrx_word' id='word_1_21' title='bbox 477 1695 647 1776; x_wconf 83' lang='lat' dir='ltr'>Ocmitiis</span> <span class='ocrx_word' id='word_1_22' title='bbox 673 1693 809 1770; x_wconf 87' lang='lat' dir='ltr'>habitis</span> <span class='ocrx_word' id='word_1_23' title='bbox 834 1693 893 1768; x_wconf 90' lang='lat' dir='ltr'>die</span> <span class='ocrx_word' id='word_1_24' title='bbox 919 1691 967 1770; x_wconf 82' lang='lat'>21</span> <span class='ocrx_word' id='word_1_25' title='bbox 1000 1690 1091 1770; x_wconf 83' lang='lat' dir='ltr'>Maii</span> <span class='ocrx_word' id='word_1_26' title='bbox 1122 1689 1224 1770; x_wconf 81' lang='lat'>1872</span> <span class='ocrx_word' id='word_1_27' title='bbox 1258 1695 1302 1770; x_wconf 86' lang='lat' dir='ltr'>ad</span> <span class='ocrx_word' id='word_1_28' title='bbox 1330 1695 1448 1769; x_wconf 88' lang='lat' dir='ltr'>maius</span> <span class='ocrx_word' id='word_1_29' title='bbox 1476 1719 1539 1769; x_wconf 86' lang='lat' dir='ltr'>ca·</span> <span class='ocrx_word' id='word_1_30' title='bbox 1626 1788 1629 1794; x_wconf 28' lang='grc' dir='ltr'>Ι</span> 
     </span>
     <span class='ocr_line' id='line_1_6' title="bbox 170 1809 1536 1907; baseline -0.004 -11"><span class='ocrx_word' id='word_1_31' title='bbox 170 1898 174 1907; x_wconf 76' lang='grc'><strong>,</strong></span> <span class='ocrx_word' id='word_1_32' title='bbox 215 1817 373 1896; x_wconf 89' lang='lat' dir='ltr'>tholicae</span> <span class='ocrx_word' id='word_1_33' title='bbox 390 1813 491 1892; x_wconf 87' lang='lat' dir='ltr'>Fidei</span> <span class='ocrx_word' id='word_1_34' title='bbox 510 1813 776 1891; x_wconf 92' lang='lat' dir='ltr'>incrementum</span> <span class='ocrx_word' id='word_1_35' title='bbox 796 1809 1016 1887; x_wconf 89' lang='lat' dir='ltr'>decrevisset</span> <span class='ocrx_word' id='word_1_36' title='bbox 1033 1811 1266 1887; x_wconf 88' lang='lat' dir='ltr'>Vicariatum</span> <span class='ocrx_word' id='word_1_37' title='bbox 1285 1811 1430 1888; x_wconf 85' lang='lat' dir='ltr'>Africae</span> <span class='ocrx_word' id='word_1_38' title='bbox 1450 1837 1536 1890; x_wconf 91' lang='lat' dir='ltr'>cen·</span> 
     </span>
     <span class='ocr_line' id='line_1_7' title="bbox 216 1930 1537 2037; baseline -0.004 -22"><span class='ocrx_word' id='word_1_39' title='bbox 216 1937 321 2015; x_wconf 89' lang='lat' dir='ltr'>tralis</span> <span class='ocrx_word' id='word_1_40' title='bbox 358 1934 530 2037; x_wconf 86' lang='lat' dir='ltr'>regimini</span> <span class='ocrx_word' id='word_1_41' title='bbox 565 1931 818 2012; x_wconf 80' lang='lat' dir='ltr'>Sacerdotibus</span> <span class='ocrx_word' id='word_1_42' title='bbox 852 1930 1015 2007; x_wconf 90' lang='lat' dir='ltr'>Instituti</span> <span class='ocrx_word' id='word_1_43' title='bbox 1052 1930 1278 2008; x_wconf 81' lang='lat' dir='ltr'>Veronensis</span> <span class='ocrx_word' id='word_1_44' title='bbox 1315 1932 1537 2010; x_wconf 88' lang='lat' dir='ltr'>Missionum</span> 
     </span>
     <span class='ocr_line' id='line_1_8' title="bbox 216 2049 1538 2160; baseline -0.003 -25"><span class='ocrx_word' id='word_1_45' title='bbox 216 2084 283 2160; x_wconf 91' lang='lat' dir='ltr'>pro</span> <span class='ocrx_word' id='word_1_46' title='bbox 310 2055 438 2159; x_wconf 81' lang='lat' dir='ltr'><strong>Nigris</strong></span> <span class='ocrx_word' id='word_1_47' title='bbox 465 2053 682 2131; x_wconf 89' lang='lat' dir='ltr'>credendum</span> <span class='ocrx_word' id='word_1_48' title='bbox 710 2076 807 2144; x_wconf 90' lang='lat' dir='ltr'>esse;</span> <span class='ocrx_word' id='word_1_49' title='bbox 836 2049 920 2128; x_wconf 76' lang='lat' dir='ltr'>uni</span> <span class='ocrx_word' id='word_1_50' title='bbox 938 2053 1018 2128; x_wconf 87' lang='grc' dir='ltr'>ΡΡ.</span> <span class='ocrx_word' id='word_1_51' title='bbox 1037 2053 1196 2129; x_wconf 88' lang='lat' dir='ltr'>eiusdem</span> <span class='ocrx_word' id='word_1_52' title='bbox 1215 2053 1254 2130; x_wconf 89' lang='lat' dir='ltr'>S.</span> <span class='ocrx_word' id='word_1_53' title='bbox 1268 2051 1538 2154; x_wconf 68' lang='lat' dir='ltr'>congregatio-</span> 
     </span>
     <span class='ocr_line' id='line_1_9' title="bbox 216 2171 1539 2274; baseline -0.003 -20"><span class='ocrx_word' id='word_1_54' title='bbox 216 2178 275 2253; x_wconf 90' lang='lat' dir='ltr'>nis</span> <span class='ocrx_word' id='word_1_55' title='bbox 303 2175 522 2253; x_wconf 86' lang='lat' dir='ltr'>censuerunt</span> <span class='ocrx_word' id='word_1_56' title='bbox 549 2171 824 2274; x_wconf 87' lang='lat' dir='ltr'>supplicandum</span> <span class='ocrx_word' id='word_1_57' title='bbox 844 2171 956 2248; x_wconf 78' lang='lat' dir='ltr'>ssmo</span> <span class='ocrx_word' id='word_1_58' title='bbox 974 2172 1131 2248; x_wconf 92' lang='lat' dir='ltr'>Domino</span> <span class='ocrx_word' id='word_1_59' title='bbox 1149 2173 1285 2250; x_wconf 87' lang='lat' dir='ltr'>Nostro</span> <span class='ocrx_word' id='word_1_60' title='bbox 1303 2173 1373 2250; x_wconf 92' lang='lat' dir='ltr'>Pio</span> <span class='ocrx_word' id='word_1_61' title='bbox 1400 2174 1539 2250; x_wconf 87' lang='lat' dir='ltr'>Divina</span> 
     </span>
     <span class='ocr_line' id='line_1_10' title="bbox 217 2290 1538 2386; baseline -0.005 -11"><span class='ocrx_word' id='word_1_62' title='bbox 217 2295 458 2375; x_wconf 88' lang='lat' dir='ltr'>Providentia</span> <span class='ocrx_word' id='word_1_63' title='bbox 483 2294 564 2371; x_wconf 89' lang='grc' dir='ltr'>ΡΡ.</span> <span class='ocrx_word' id='word_1_64' title='bbox 587 2292 651 2386; x_wconf 84' lang='grc' dir='ltr'>ΙΧ,</span> <span class='ocrx_word' id='word_1_65' title='bbox 676 2295 717 2367; x_wconf 87' lang='lat' dir='ltr'>ut</span> <span class='ocrx_word' id='word_1_66' title='bbox 743 2290 965 2368; x_wconf 75' lang='lat' dir='ltr'>sacerdotem</span> <span class='ocrx_word' id='word_1_67' title='bbox 992 2291 1185 2369; x_wconf 83' lang='lat' dir='ltr'>Danielem</span> <span class='ocrx_word' id='word_1_68' title='bbox 1203 2293 1395 2386; x_wconf 82' lang='lat' dir='ltr'>Comboni,</span> <span class='ocrx_word' id='word_1_69' title='bbox 1419 2293 1538 2369; x_wconf 91' lang='lat' dir='ltr'>eidem</span> 
     </span>
     <span class='ocr_line' id='line_1_11' title="bbox 220 2412 1540 2516; baseline -0.002 -24"><span class='ocrx_word' id='word_1_70' title='bbox 220 2417 394 2494; x_wconf 88' lang='lat' dir='ltr'>Instituto</span> <span class='ocrx_word' id='word_1_71' title='bbox 422 2413 617 2508; x_wconf 88' lang='lat' dir='ltr'>addictum,</span> <span class='ocrx_word' id='word_1_72' title='bbox 650 2412 815 2504; x_wconf 82' lang='lat' dir='ltr'>scientia,</span> <span class='ocrx_word' id='word_1_73' title='bbox 838 2413 977 2516; x_wconf 81' lang='lat' dir='ltr'>pietate</span> <span class='ocrx_word' id='word_1_74' title='bbox 1004 2437 1047 2490; x_wconf 89' lang='lat' dir='ltr'>ac</span> <span class='ocrx_word' id='word_1_75' title='bbox 1073 2438 1195 2490; x_wconf 89' lang='lat' dir='ltr'>rerum</span> <span class='ocrx_word' id='word_1_76' title='bbox 1226 2415 1455 2515; x_wconf 81' lang='lat' dir='ltr'>experientia</span> <span class='ocrx_word' id='word_1_77' title='bbox 1480 2415 1540 2490; x_wconf 89' lang='lat' dir='ltr'>in-</span> 
     </span>
     <span class='ocr_line' id='line_1_12' title="bbox 217 2532 1535 2635; baseline 0 -25"><span class='ocrx_word' id='word_1_78' title='bbox 217 2536 336 2612; x_wconf 84' lang='lat' dir='ltr'>dubiis</span> <span class='ocrx_word' id='word_1_79' title='bbox 363 2533 583 2613; x_wconf 86' lang='lat' dir='ltr'>testimoniis</span> <span class='ocrx_word' id='word_1_80' title='bbox 610 2534 815 2635; x_wconf 87' lang='lat' dir='ltr'>probatum,</span> <span class='ocrx_word' id='word_1_81' title='bbox 839 2533 954 2608; x_wconf 91' lang='lat' dir='ltr'>eidem</span> <span class='ocrx_word' id='word_1_82' title='bbox 981 2532 1266 2610; x_wconf 90' lang='lat' dir='ltr'>Missioni&#39;cum</span> <span class='ocrx_word' id='word_1_83' title='bbox 1293 2534 1535 2610; x_wconf 85' lang='lat' dir='ltr'>Pro-Vicorii</span> 
     </span>
     <span class='ocr_line' id='line_1_13' title="bbox 218 2653 1439 2759; baseline -0.003 -27"><span class='ocrx_word' id='word_1_84' title='bbox 218 2657 418 2759; x_wconf 81' lang='lat' dir='ltr'>Apostolici</span> <span class='ocrx_word' id='word_1_85' title='bbox 445 2679 596 2732; x_wconf 90' lang='lat' dir='ltr'>munere</span> <span class='ocrx_word' id='word_1_86' title='bbox 623 2657 661 2730; x_wconf 88' lang='lat' dir='ltr'>et</span> <span class='ocrx_word' id='word_1_87' title='bbox 687 2653 922 2730; x_wconf 87' lang='lat' dir='ltr'>facultatibus</span> <span class='ocrx_word' id='word_1_88' title='bbox 949 2656 1145 2756; x_wconf 87' lang='lat' dir='ltr'>praeficere</span> <span class='ocrx_word' id='word_1_89' title='bbox 1172 2655 1439 2755; x_wconf 71' lang='lat' dir='ltr'>dignaretur.»</span> 
     </span>
    </p>

    <p class='ocr_par' dir='ltr' id='par_1_4' title="bbox 216 2772 1539 3331">
     <span class='ocr_line' id='line_1_14' title="bbox 301 2772 1537 2876; baseline 0.002 -28"><span class='ocrx_word' id='word_1_90' title='bbox 301 2775 449 2862; x_wconf 82' lang='lat' dir='ltr'>»Quam</span> <span class='ocrx_word' id='word_1_91' title='bbox 468 2775 507 2853; x_wconf 90' lang='lat' dir='ltr'>S.</span> <span class='ocrx_word' id='word_1_92' title='bbox 520 2773 827 2873; x_wconf 80' lang='lat' dir='ltr'>Congregationis</span> <span class='ocrx_word' id='word_1_93' title='bbox 842 2773 1061 2850; x_wconf 86' lang='lat' dir='ltr'>sententiam</span> <span class='ocrx_word' id='word_1_94' title='bbox 1075 2798 1156 2850; x_wconf 90' lang='lat' dir='ltr'>cum</span> <span class='ocrx_word' id='word_1_95' title='bbox 1172 2772 1428 2876; x_wconf 81' lang='lat' dir='ltr'>infrascriptos</span> <span class='ocrx_word' id='word_1_96' title='bbox 1442 2775 1537 2851; x_wconf 90' lang='lat' dir='ltr'>eius-</span> 
     </span>
     <span class='ocr_line' id='line_1_15' title="bbox 216 2891 1536 2996; baseline -0.002 -25"><span class='ocrx_word' id='word_1_97' title='bbox 216 2896 298 2972; x_wconf 87' lang='lat' dir='ltr'>dem</span> <span class='ocrx_word' id='word_1_98' title='bbox 326 2897 365 2972; x_wconf 85' lang='lat' dir='ltr'>S.</span> <span class='ocrx_word' id='word_1_99' title='bbox 388 2892 694 2996; x_wconf 78' lang='lat' dir='ltr'>Congregationis</span> <span class='ocrx_word' id='word_1_100' title='bbox 723 2891 948 2969; x_wconf 86' lang='lat' dir='ltr'>Secretarius</span> <span class='ocrx_word' id='word_1_101' title='bbox 974 2892 1013 2966; x_wconf 89' lang='lat' dir='ltr'>in</span> <span class='ocrx_word' id='word_1_102' title='bbox 1040 2892 1226 2968; x_wconf 83' lang='lat' dir='ltr'>audientia</span> <span class='ocrx_word' id='word_1_103' title='bbox 1253 2891 1381 2968; x_wconf 86' lang='lat' dir='ltr'>habita</span> <span class='ocrx_word' id='word_1_104' title='bbox 1408 2894 1464 2968; x_wconf 93' lang='lat' dir='ltr'>die</span> <span class='ocrx_word' id='word_1_105' title='bbox 1482 2893 1536 2968; x_wconf 80' lang='lat'>26</span> 
     </span>
     <span class='ocr_line' id='line_1_16' title="bbox 217 3009 1538 3106; baseline 0 -18"><span class='ocrx_word' id='word_1_106' title='bbox 217 3013 351 3090; x_wconf 85' lang='lat' dir='ltr'>mensis</span> <span class='ocrx_word' id='word_1_107' title='bbox 378 3013 539 3089; x_wconf 91' lang='lat' dir='ltr'>eiusdem</span> <span class='ocrx_word' id='word_1_108' title='bbox 565 3010 758 3089; x_wconf 85' lang='lat' dir='ltr'>Sanctitati</span> <span class='ocrx_word' id='word_1_109' title='bbox 786 3011 882 3088; x_wconf 85' lang='lat' dir='ltr'>Suae</span> <span class='ocrx_word' id='word_1_110' title='bbox 908 3009 1116 3104; x_wconf 85' lang='lat' dir='ltr'>retulisset,</span> <span class='ocrx_word' id='word_1_111' title='bbox 1148 3011 1319 3088; x_wconf 87' lang='lat' dir='ltr'>Summus</span> <span class='ocrx_word' id='word_1_112' title='bbox 1356 3012 1538 3106; x_wconf 83' lang='lat' dir='ltr'>Pontifex</span> 
     </span>
     <span class='ocr_line' id='line_1_17' title="bbox 216 3131 1539 3236; baseline -0.002 -25"><span class='ocrx_word' id='word_1_113' title='bbox 216 3134 256 3211; x_wconf 93' lang='lat' dir='ltr'>in</span> <span class='ocrx_word' id='word_1_114' title='bbox 283 3133 451 3211; x_wconf 91' lang='lat' dir='ltr'>omnibus</span> <span class='ocrx_word' id='word_1_115' title='bbox 478 3131 755 3234; x_wconf 88' lang='lat' dir='ltr'>approbavitet</span> <span class='ocrx_word' id='word_1_116' title='bbox 782 3132 979 3207; x_wconf 84' lang='lat' dir='ltr'>Decretum</span> <span class='ocrx_word' id='word_1_117' title='bbox 1006 3131 1075 3207; x_wconf 91' lang='lat' dir='ltr'>hoc</span> <span class='ocrx_word' id='word_1_118' title='bbox 1093 3132 1216 3208; x_wconf 90' lang='lat' dir='ltr'>eadem</span> <span class='ocrx_word' id='word_1_119' title='bbox 1236 3157 1346 3233; x_wconf 87' lang='lat' dir='ltr'>super</span> <span class='ocrx_word' id='word_1_120' title='bbox 1364 3158 1403 3209; x_wconf 90' lang='lat' dir='ltr'>re</span> <span class='ocrx_word' id='word_1_121' title='bbox 1423 3159 1539 3236; x_wconf 83' lang='lat' dir='ltr'>expe·</span> 
     </span>
     <span class='ocr_line' id='line_1_18' title="bbox 217 3252 475 3331; baseline -0.027 0"><span class='ocrx_word' id='word_1_122' title='bbox 217 3253 286 3331; x_wconf 91' lang='lat' dir='ltr'>diri</span> <span class='ocrx_word' id='word_1_123' title='bbox 313 3252 475 3330; x_wconf 81' lang='lat' dir='ltr'>iussit.»</span> 
     </span>
    </p>

    <p class='ocr_par' dir='ltr' id='par_1_5' title="bbox 295 3369 1531 3474">
     <span class='ocr_line' id='line_1_19' title="bbox 295 3369 1531 3474; baseline 0 -24"><span class='ocrx_word' id='word_1_124' title='bbox 295 3373 382 3450; x_wconf 89' lang='lat' dir='ltr'>Dat.</span> <span class='ocrx_word' id='word_1_125' title='bbox 401 3371 544 3450; x_wconf 85' lang='lat' dir='ltr'>Romae</span> <span class='ocrx_word' id='word_1_126' title='bbox 563 3397 608 3450; x_wconf 86' lang='lat' dir='ltr'>ex</span> <span class='ocrx_word' id='word_1_127' title='bbox 627 3370 717 3447; x_wconf 74' lang='lat' dir='ltr'>ded.</span> <span class='ocrx_word' id='word_1_128' title='bbox 736 3370 775 3448; x_wconf 88' lang='lat' dir='ltr'>S.</span> <span class='ocrx_word' id='word_1_129' title='bbox 793 3369 837 3448; x_wconf 84' lang='lat' dir='ltr'>O.</span> <span class='ocrx_word' id='word_1_130' title='bbox 853 3372 896 3448; x_wconf 91' lang='lat' dir='ltr'>de</span> <span class='ocrx_word' id='word_1_131' title='bbox 915 3373 1029 3474; x_wconf 86' lang='lat' dir='ltr'>Prop.</span> <span class='ocrx_word' id='word_1_132' title='bbox 1049 3371 1138 3447; x_wconf 80' lang='lat' dir='ltr'>Fide</span> <span class='ocrx_word' id='word_1_133' title='bbox 1156 3371 1213 3446; x_wconf 91' lang='lat' dir='ltr'>dic</span> <span class='ocrx_word' id='word_1_134' title='bbox 1230 3369 1282 3449; x_wconf 81' lang='lat'>26</span> <span class='ocrx_word' id='word_1_135' title='bbox 1302 3371 1392 3447; x_wconf 74' lang='lat' dir='ltr'>iifuii</span> <span class='ocrx_word' id='word_1_136' title='bbox 1415 3369 1531 3450; x_wconf 78' lang='lat'>1872.</span> 
     </span>
    </p>
   </div>
   <div class='ocr_carea' id='block_1_4' title="bbox 547 3736 1198 3818">
    <p class='ocr_par' dir='ltr' id='par_1_6' title="bbox 547 3736 1198 3818">
     <span class='ocr_line' id='line_1_20' title="bbox 547 3736 1198 3818; baseline 0 -2"><span class='ocrx_word' id='word_1_137' title='bbox 547 3739 595 3816; x_wconf 75' lang='lat' dir='ltr'>A:</span> <span class='ocrx_word' id='word_1_138' title='bbox 618 3737 738 3818; x_wconf 77' lang='lat' dir='ltr'>Ornu.</span> <span class='ocrx_word' id='word_1_139' title='bbox 761 3737 945 3818; x_wconf 76' lang='lat' dir='ltr'>Braurnd</span> <span class='ocrx_word' id='word_1_140' title='bbox 972 3736 1198 3817; x_wconf 78' lang='lat' dir='ltr'>Praefectus.</span> 
     </span>
    </p>
   </div>
   <div class='ocr_carea' id='block_1_5' title="bbox 321 4024 661 4134">
    <p class='ocr_par' dir='ltr' id='par_1_7' title="bbox 321 4024 661 4134">
     <span class='ocr_line' id='line_1_21' title="bbox 321 4024 661 4134; baseline -0.003 -24"><span class='ocrx_word' id='word_1_141' title='bbox 321 4029 418 4110; x_wconf 89' lang='lat' dir='ltr'>Loco</span> <span class='ocrx_word' id='word_1_142' title='bbox 448 4027 499 4134; x_wconf 52' lang='lat' dir='ltr'>r}</span> <span class='ocrx_word' id='word_1_143' title='bbox 527 4024 661 4134; x_wconf 83' lang='lat' dir='ltr'>Sigilli.</span> 
     </span>
    </p>
   </div>
   <div class='ocr_carea' id='block_1_6' title="bbox 830 4203 1511 4283">
    <p class='ocr_par' dir='ltr' id='par_1_8' title="bbox 830 4203 1511 4283">
     <span class='ocr_line' id='line_1_22' title="bbox 830 4203 1511 4283; baseline 0.001 -1"><span class='ocrx_word' id='word_1_144' title='bbox 830 4205 992 4282; x_wconf 71' lang='lat' dir='ltr'>lucunas</span> <span class='ocrx_word' id='word_1_145' title='bbox 1022 4203 1196 4282; x_wconf 68' lang='lat' dir='ltr'>Simeour&#39;</span> <span class='ocrx_word' id='word_1_146' title='bbox 1222 4203 1477 4280; x_wconf 69' lang='lat' dir='ltr'>Secretumua</span> <span class='ocrx_word' id='word_1_147' title='bbox 1508 4275 1511 4283; x_wconf 93' lang='lat'><em>.</em></span> 
     </span>
    </p>
   </div>
   <div class='ocr_carea' id='block_1_7' title="bbox 0 0 1677 4962">
    <p class='ocr_par' dir='ltr' id='par_1_9' title="bbox 0 0 1677 4962">
     <span class='ocr_line' id='line_1_23' title="bbox 0 0 1677 4962; baseline 0 0"><span class='ocrx_word' id='word_1_148' title='bbox 0 0 1677 4962; x_wconf 95' lang='lat' dir='ltr'> </span> 
     </span>
    </p>
   </div>
  </div>
 </body>
</html>
