3238 4940
594 339 726 387 necuere
1263 320 1323 391 lat

40 441 86 498 tres
103 434 198 496 Sacris
220 437 345 497 luendis
367 436 493 498 Ritibus
516 436 687 512 praepositi
710 435 987 494 omnibusmaturo
1003 433 1145 494 examine
1165 437 1325 512 perpensis

39 539 168 615 unalitoque
191 541 230 600 R.
248 543 282 599 ll.
300 539 471 599 Laurentio
493 538 614 598 Salvati
643 539 774 596 Sanctae
800 536 886 595 Fidei
916 537 1112 596 Promotoris
1139 536 1326 596 Coadiutora

39 655 92 694 voce
108 643 135 698 et
152 637 270 713 scripto
291 637 478 696 seutentiam
494 654 577 696 suam
593 635 772 711 proferente
793 633 1022 692 rescribendum
1045 641 1242 693 censuerunt:
1266 634 1328 711 Af-

38 739 178 810 finnotioe.
202 736 257 796 Die
278 737 315 795 31
338 738 474 812 Augusti
499 733 584 794 1872.

97 835 219 910 »Super
239 833 351 908 quibus
373 833 513 892 omnibus
542 833 626 891 facta
647 830 837 908 postmodum
861 846 917 906 per
937 828 1173 906 infrascriptum
1202 829 1329 889 Substi-

40 935 116 988 tutun
135 931 328 990 Secretariae
348 931 513 990 Sacrorum
535 931 664 989 Ritnum
685 928 946 1005 Congregationis
974 928 1176 988 Sanctissimo
1197 929 1328 988 Domino

40 1031 124 1086 Nostro
142 1029 196 1087 Pio
219 1029 321 1104 Papae
343 1029 387 1088 lX
414 1027 500 1086 fideli
528 1027 700 1099 relatione,
723 1026 881 1086 Sanctitas
902 1027 965 1086 Sua
993 1025 1192 1101 Rescriptum
1215 1025 1328 1086 Sacrae

40 1125 263 1204 (cogregationis
284 1127 388 1185 ratum
411 1125 520 1184 habuit
539 1123 800 1199 confirmavitque
813 1123 939 1183 Cultum
955 1121 1112 1198 publicum
1129 1125 1162 1185 et
1175 1122 1330 1184 Ecclesia-

40 1226 124 1280 snrom
142 1223 178 1284 ab
200 1221 440 1282 immemorabili
462 1227 602 1298 tempore
623 1219 809 1296 praestitum
839 1220 934 1278 Beato
955 1217 1133 1296 Augustino
1153 1217 1272 1296 Fangio
1293 1220 1330 1280 de

41 1321 143 1396 bugella
160 1320 345 1384 Confessori.
369 1321 424 1382 Die
444 1319 464 1380 5
484 1319 677 1396 Septembris
699 1335 779 1378 anno
800 1317 950 1378 eodem.»

145 1455 175 1513 C.
194 1452 297 1530 Episc.
314 1453 434 1512 Ostian.
452 1454 485 1511 et
498 1450 653 1512 Velitern.
671 1450 762 1512 Card.
779 1449 912 1508 Parnrzr
934 1449 966 1508 S.
983 1451 1022 1509 R.
1040 1449 1073 1510 C.
1090 1448 1196 1540 Praei.

132 1562 210 1622 Loco
225 1565 258 1634 »ᾗ
273 1561 362 1640 Signi

144 1675 148 1685 ·
514 1656 580 1714 Pro
601 1655 640 1714 R.
657 1655 697 1714 P.
712 1654 751 1713 D.
768 1653 936 1714 Dominico
957 1653 1126 1716 Bortolioi
1145 1653 1326 1716 Scor-clario

650 1752 801 1828 Iosephus
823 1749 979 1812 Ciccolini
997 1750 1210 1814 Substitutus.

42 1951 159 2010 Romana
177 1969 239 2011 seu
259 1955 380 2012 Einen.
403 1953 673 2012 Beatiticationis
696 1955 730 2009 et
751 1953 1026 2011 canonizationis
1046 1954 1132 2009 Van.
1149 1953 1244 2009 Serri
1268 1955 1333 2011 Dei

100 2051 146 2106 Pr.
159 2053 281 2120 Angcli
302 2068 322 2109 a
341 2054 407 2110 Pas
429 2049 623 2108 Sacerdotis
637 2050 788 2108 Proiessi
804 2051 942 2108 Ordinis
956 2051 1126 2108 itinerum
1141 2051 1328 2110 strictioris

102 2149 336 2208 Observantiae
356 2150 642 2208 Reformatorem.

103 2351 276 2412 baccarum.
292 2372 310 2412 ι
326 2355 359 2411 ln
380 2353 479 2413 Causa
499 2351 745 2413 Beatiflcationis
758 2354 792 2411 et
805 2352 1054 2414 Canonizatiouis
1074 2347 1154 2412 Ven'.
1166 2353 1258 2414 Servi
1273 2357 1329 2417 Dei

46 2445 130 2506 inreli
148 2467 166 2507 a
184 2452 242 2509 Pas
263 2449 410 2526 praelati.
425 2467 517 2525 quum
539 2450 590 2526 agi
613 2451 740 2510 deberet
759 2451 791 2510 in
812 2452 1060 2528 congregatione
1086 2453 1251 2511 Sacrorum
1273 2454 1329 2514 Ri-

48 2550 112 2598 tuun
131 2545 290 2604 ordinaria
308 2549 344 2604 de
359 2545 681 2607 Validitateuomnium
697 2548 900 2607 Proeessuum
915 2548 945 2606 in
962 2549 1067 2606 cadem
1082 2549 1182 2610 Causa
1195 2554 1336 2611 constru-

48 2648 138 2697 ctorum
157 2644 191 2700 ad
213 2642 397 2704 instantiam
418 2645 457 2703 R.
475 2644 581 2702 Patris
601 2645 656 2704 Fr.
671 2643 831 2704 Vincentii
846 2663 864 2704 a
878 2644 981 2705 lenuis
1002 2646 1181 2706 Sacerdotis
1195 2647 1334 2708 Professi

49 2739 71 2790 rt
87 2737 278 2800 Postulatoris
299 2739 461 2802 Generalis
482 2743 650 2802 Causarum
671 2743 918 2805 Beatiticationis
938 2748 971 2804 et
991 2744 1240 2806 Canonizationis
1262 2748 1335 2806 Ser·

50 2848 132 2893 rorum
152 2839 203 2896 Dei
223 2839 347 2898 Ordinis
368 2839 526 2898 Mincrum
547 2840 579 2898 S.
596 2841 757 2900 Francisci
780 2842 1048 2916 Reformatorum,
1066 2839 1163 2902 En'aus
1184 2846 1217 2903 et
1237 2840 1335 2906 Rn'rus

50 2930 73 2986 ll.
85 2933 160 2994 Cart.
175 2937 326 2997 Hannibal
347 2938 469 3013 Capalti
491 2935 557 2996 loco
579 2939 613 2998 et
633 2938 701 2997 vice
721 2935 790 2998 Enii
804 2943 839 2998 et
853 2937 925 3000 Rn'ri
943 2941 979 2998 D.
993 2940 1171 3001 Cardinalis
1191 2941 1335 3001 Andreae

51 3028 156 3092 lirzurri
177 3037 290 3095 censae
312 3035 463 3096 Ponentis
483 3034 633 3106 absentis,
650 3051 776 3112 sequens
790 3036 923 3096 Dubium
939 3037 1101 3114 proposuit
1114 3037 1146 3096 in
1160 3037 1337 3098 Ordinariis

52 3127 185 3190 Sacrorum
206 3135 335 3194 Ritnum
357 3133 500 3194 Comitiis
520 3135 557 3194 ad
580 3131 765 3194 Vaticanum
788 3134 938 3194 hodierna
958 3135 1007 3194 die
1028 3135 1159 3196 habitisr
1184 3136 1240 3194 An
1260 3153 1337 3197 coa-
1418 3174 1421 3184 ν

52 3231 94 3279 stet
110 3226 141 3286 dc
158 3227 328 3289 Validitate
349 3230 558 3291 Processuum
578 3239 645 3290 tam
667 3231 853 3306 Apostolica
873 3247 971 3308 quam
987 3231 1168 3292 ordinaria
1181 3234 1336 3292 Auctori-

54 3328 101 3377 rutc
117 3334 357 3386 conercctornm
377 3336 407 3386 ct
426 3328 528 3387 Testes
547 3330 616 3387 sint
636 3331 700 3387 rite
720 3331 907 3388 comminati
927 3331 964 3388 in
985 3343 1062 3390 casu
1082 3337 1114 3389 et
1134 3331 1177 3389 ad
1191 3333 1337 3407 effectum

54 3417 80 3473 la
95 3439 145 3494 qao
164 3425 291 3498 agitur?
312 3421 381 3484 Enii
403 3443 496 3502 porro
517 3444 552 3485 ao
573 3422 646 3486 Rn‘ni
667 3427 780 3486 Patres
801 3427 906 3485 Sacris
928 3428 1051 3488 tuendis
1065 3427 1191 3488 Ritibus
1206 3446 1338 3505 praepo-

55 3513 91 3569 :iti
110 3521 168 3590 post
185 3525 361 3582 accuratum
385 3522 521 3581 omnium
542 3539 692 3596 examen,
715 3523 821 3584 audito
842 3524 938 3584 etiam
966 3527 1004 3585 R.
1022 3526 1058 3584 D.
1076 3525 1247 3584 Laurentio
1268 3526 1340 3585 Sal·

56 3614 102 3670 rati
120 3615 239 3678 Sanctae
259 3621 347 3679 Fidei
367 3622 561 3681 Promotoria
582 3622 781 3696 Coadiutore,
803 3623 1034 3683 rescribendum
1056 3628 1254 3684 censuerunt:
1276 3625 1339 3702 As-

57 3709 196 3780 incautive.
218 3715 270 3774 Die
290 3717 329 3775 31
350 3718 486 3793 Augusti
511 3719 599 3777 1872.

114 3811 231 3872 »Facta
250 3819 352 3874 autem
373 3815 410 3873 de
424 3815 590 3890 praedictis
606 3815 809 3876 sanctissimo
822 3816 952 3877 Domino
965 3817 1083 3878 Nostro
1104 3817 1162 3876 Pio
1175 3817 1276 3893 Papae
1292 3818 1337 3881 IX

39 3903 84 3992 ΖΙτί)
105 3907 284 3987 infrascripto
311 3913 491 3974 Substituto
516 3915 711 3974 Secretariae
737 3916 901 3975 Sacrorum
923 3917 1053 3975 Rituum
1074 3915 1338 3991 Congregationis

40 3995 42 4018 '
60 4001 120 4060 titali
138 4007 290 4082 relatione,
306 4011 464 4070 Sanctitas
485 4011 547 4070 Sua
565 4013 752 4070 sententiam
767 4012 880 4071 Sacrae
895 4012 1153 4087 Congregationis
1168 4016 1269 4070 ratam
1285 4011 1340 4070 ha·

60 4093 112 4156 bere
128 4110 155 4162 et
172 4105 351 4168 confirmare
372 4107 502 4184 dignata
522 4113 581 4168 est.
598 4108 654 4168 Die
675 4108 696 4168 5
716 4108 910 4185 Septembris
930 4125 1010 4168 anno
1031 4109 1179 4170 eodem.»

163 4239 194 4296 C.
208 4237 305 4314 Episc.
322 4240 441 4300 Ostian.
459 4243 493 4301 et
507 4241 662 4302 Velitern.
679 4242 771 4303 Card.
788 4243 920 4301 Pnrarzr
942 4242 974 4301 S.
992 4245 1030 4302 R.
1047 4242 1082 4303 C.
1097 4242 1203 4302 Praei.

151 4357 388 4438 LocofflSigilli
1250 4395 1253 4405 ‹

527 4453 593 4512 Pro
615 4451 654 4511 R.
671 4451 710 4510 P.
727 4451 766 4513 D.
784 4451 951 4511 Dominico
972 4452 1141 4512 Bortolini
1161 4452 1340 4515 Secretario

653 4547 806 4626 Iosephus
827 4545 983 4609 Ciccolinr'
1003 4547 1213 4610 substitutus.

144 4817 212 4874 Actu,
231 4815 302 4870 Tem.
318 4819 385 4870 VII
385 4853 403 4883 .,
419 4818 495 4886 fasc.
512 4819 585 4870 LXX
593 4817 626 4877 V.
