3238 4940
522 376 527 385 ,
613 312 820 364 carausium.
1320 292 1379 366 {ll

87 407 166 484 »vis
191 411 259 486 etc.
290 407 350 488 cui
366 409 488 490 ¹etiam
514 409 647 488 tribuit
685 410 898 492 facultatem
940 409 1150 488 nominandi
1181 416 1381 512 pusicius

87 527 247 601 »abitum
265 525 378 602 alium
397 525 692 628 capellanum...
716 553 759 604 ac
777 527 895 604 dictus
918 527 1128 628 capellanus
1148 529 1193 602 ab
1213 527 1294 628 ipso
1313 551 1380 602 no-

85 640 301 718 ›minandus
327 639 450 718 valeat
466 645 504 718 et
522 641 640 743 possit
666 642 858 719 nominare
868 653 958 744 post
977 644 1085 718 illius
1105 641 1249 718 obitum
1267 640 1383 719 alium

86 753 333 857 >capellanum
360 781 443 832 eum
470 781 579 832 onere
607 781 750 858 semper
777 755 982 834 celebrandi
1009 759 1080 834 etc.

149 871 424 948 »Postmodum
449 896 538 947 vero
565 869 745 948 defunctis
785 872 893 950 dictis
932 869 1051 948 tribus
1083 871 1377 973 capellanis...

86 987 155 1063 sl).
176 989 325 1066 Marcus
358 985 440 1062 rult
470 988 567 1088 quod
601 985 658 1063 ius
693 988 908 1065 nominandi
948 986 1042 1064 alios
1077 987 1282 1090 capellanos
1314 1013 1382 1092 pro

85 1105 270 1204 ›tempore
288 1106 427 1205 spectet
445 1105 483 1178 et
500 1101 684 1204 pertineat
702 1103 748 1178 ad
766 1101 942 1180 haeredes
962 1105 1000 1178 et
1018 1125 1245 1180 successores
1260 1101 1379 1205 ipsius

85 1218 155 1294 ll).
175 1217 293 1297 Marci
321 1216 476 1293 durante
503 1239 630 1293 eorum
657 1215 861 1292 lineatam
893 1214 1097 1293 masculina
1133 1241 1243 1318 quam
1275 1215 1383 1294 lemi-

84 1333 203 1428 ›nina,
235 1339 273 1410 et
300 1334 339 1410 in
365 1357 453 1409 casu
479 1331 722 1434 expirationis
758 1331 920 1409 eiusdem
947 1331 1068 1408 lineae
1101 1330 1184 1414 vult
1211 1334 1250 1407 et
1277 1357 1382 1408 man-

85 1451 182 1544 ›dau
214 1451 313 1552 quod
339 1450 398 1526 ius
424 1447 638 1526 nominandi
656 1449 781 1525 redeat
798 1447 844 1524 ad
866 1448 1013 1525 domum
1032 1446 1147 1550 ipsius
1167 1447 1218 1528 R.
1241 1447 1289 1524 D.
1308 1446 1383 1526 Sil-

85 1567 220 1644 ›vestri
249 1567 295 1644 de
315 1565 435 1644 Salvis
462 1569 533 1642 etc.
559 1595 579 1639 s

144 1681 344 1762 Constituit
369 1679 536 1782 denique,
569 1684 611 1757 ut
637 1679 847 1782 capellanus
866 1705 932 1782 pro
950 1683 1115 1782 tempore
1143 1677 1286 1756 fructus
1305 1682 1381 1758 Lo-

82 1821 189 1873 corum
215 1795 403 1874 Montium
442 1820 508 1898 pro
549 1797 631 1872 dote
659 1795 869 1898 assignatos
895 1799 1019 1898 posset
1048 1819 1172 1872 «cum
1204 1795 1274 1872 fide
1315 1821 1383 1874 no-

85 1913 321 1991 ›minationis
353 1913 405 1990 ad·
431 1912 673 2016 capellaniam
712 1912 917 2016 praelatam
958 1913 1109 2016 exigere
1151 1912 1264 1990 libere
1298 1915 1383 1991 abs-

85 2053 180 2129 »que
206 2032 325 2106 etc.»

145 2145 350 2224 Secundum
377 2146 428 2248 pii
456 2145 659 2223 fundatoris
691 2149 818 2224 votum
857 2171 917 2252 res
950 2144 1089 2250 optimc
1122 2146 1237 2224 vertit
1269 2147 1383 2226 donee

80 2259 112 2336 in
134 2262 336 2362 primordiis
363 2261 474 2339 huius
500 2263 637 2340 saeculi
666 2262 837 2366 politicae
868 2262 1138 2342 vicissitudines
1174 2261 1382 2363 quindecim

83 2375 248 2454 llantium
275 2379 374 2454 Loca
401 2377 446 2453 ad
473 2378 634 2478 quinque
661 2378 904 2472 reduxerunt3
930 2379 1063 2480 quibus
1082 2381 1286 2479 praeterea,
1310 2378 1381 2456 hoc

82 2497 229 2569 vertente
247 2497 414 2595 tempore
438 2495 484 2570 ob
502 2494 749 2571 Patronorum
767 2493 1030 2596 negligentiam
1049 2488 1202 2570 Fabriea
1220 2493 1260 2572 S.
1277 2492 1383 2570 Petri

83 2603 181 2683 fruita
206 2613 274 2701 est,
307 2633 495 2710 quousque
522 2634 596 2686 non
625 2609 762 2687 fuerint
791 2609 985 2686 vindicata.

152 2720 353 2825 Episcopus
380 2721 599 2800 ann01826
627 2723 665 2800 in
693 2727 777 2800 actu
806 2749 836 2799 s.
857 2721 1092 2800 Visitationis
1110 2722 1304 2799 inveniens
1322 2747 1383 2798 va-

82 2839 206 2913 cantem
224 2837 481 2939 capellaniam,
504 2862 621 2939 neque
640 2837 770 2931 sciens,
800 2861 848 2914 an
879 2836 1081 2914 existerent
1103 2837 1278 2915 haeredes
1297 2836 1381 2913 fun-

82 2949 220 3047 tauns,
251 2952 430 3055 ignorans
457 2977 602 3054 quoque
629 2951 855 3030 fundationis
883 2952 1008 3054 leges,
1040 2975 1123 3026 cam
1149 2951 1281 3028 tribuit
1309 2951 1383 3027 Pa-

82 3065 174 3142 rccho
199 3066 269 3144 loci
297 3067 493 3143 Pasciauo
527 3067 597 3143 hac
629 3065 838 3144 conditione
871 3066 1012 3144 adiecta
1043 3091 1279 3168 <quousque
1305 3090 1384 3142 non

78 3183 211 3281 patefiat
238 3183 508 3258 documentum
530 3183 780 3282 fundationis
808 3207 880 3286 quo
910 3186 973 3257 ius
992 3182 1301 3284 dc'qnescatur.i

146 3297 249 3373 Anno
276 3293 486 3398 insequenti
514 3287 671 3397 quidam'
688 3296 824 3397 prodiit
850 3297 1051 3388 Patronus,
1083 3296 1145 3397 qui
1174 3295 1382 3374 nominavit

82 3409 117 3484 ad
141 3411 376 3512 capellaniam
404 3412 558 3488 eundem
585 3412 820 3505 Paroohum,
854 3410 916 3511 qui
946 3411 1020 3486 iam
1048 3436 1129 3487 eam
1154 3411 1375 3512 possidebat,

83 3523 204 3602 adiecta
229 3527 440 3604 conditione
467 3529 509 3602 ut
535 3551 579 3601 ea
602 3531 768 3626 fruatur
800 3546 995 3628 quousque
1019 3536 1192 3602 exerceat
1211 3526 1384 3602 Parocbi

84 3638 226 3736 officium
253 3647 295 3715 in
324 3641 535 3716 Passieno

149 3757 291 3866 Mortua
318 3755 388 3832 hoc
414 3755 621 3857 capellano,
653 3755 844 3834 Parcchus
881 3749 958 3857 qui*
985 3756 1187 3848 successit,
1223 3756 1382 3832 Benedi-

85 3872 151 3944 ctus
173 3871 219 3962 N,
248 3870 357 3972 petiit
384 3871 605 3972 capellaniae
633 3871 772 3949 fluctus
799 3872 908 3949 titulo
936 3871 1097 3948 Parochi
1115 3872 1195 3949 eius
1214 3873 1296 3966 leci,
1320 3873 1383 3949 sed

85 3981 207 4062 invenit
232 3987 427 4088 quemdam
461 3988 733 4086 oppositorem,
766 3989 811 4063 ob
838 4011 918 4064 eam
948 3987 1154 4078 rationem,
1186 3988 1283 4087 quod
1308 4011 1383 4064 non

85 4103 192 4197 posset
214 4099 417 4202 capellania
443 4099 667 4178 considerari
695 4101 800 4177 unita
825 4102 1016 4202 paroeciae
1044 4104 1170 4178 contra
1197 4100 1384 4178 fundatio-

86 4212 133 4287 nis
154 4213 312 4308 tabulas;
341 4240 423 4292 earn
450 4218 574 4291 tamen
601 4215 760 4294 obtinuit
793 4241 858 4319 per
890 4216 1179 4293 nominationem
1206 4215 1378 4310 Patroni,

86 4328 138 4424 qui
161 4355 221 4430 per
244 4331 432 4434 publicum
460 4330 708 4408 Tabellionem
734 4336 772 4408 et
799 4333 894 4408 hanc
921 4331 1054 4409 adiecit
1081 4331 1120 4408 in
1147 4336 1232 4408 actu
1259 4331 1382 4408 nomi-

86 4443 224 4522 nationis
240 4447 441 4526 clausulam
459 4471 653 4549 quousque
668 4452 747 4550 ipse
765 4447 969 4523 Parcchus
988 4455 1061 4522 erit
1080 4450 1153 4524 loci
1172 4449 1380 4535 Fusciano,

86 4581 149 4653 quc
172 4583 323 4639 munere
340 4563 514 4639 Parocbi
537 4572 719 4648 cessante,
739 4564 906 4639 succedet
926 4570 968 4639 in
987 4565 1242 4670 capellaniam
1259 4586 1382 4640 nouus

87 4669 268 4756 Parcchus
294 4680 368 4758 loci
392 4679 563 4758 eiusdem
590 4684 632 4752 in
659 4678 870 4782 infinitum.
