3238 4940
532 406 793 489 APPENDIX
819 404 867 487 H.

186 678 364 738 Sententia
383 675 460 735 Emi
481 677 581 734 card.
595 674 699 732 Urbis
719 674 852 732 vicarii
873 673 910 731 in
931 687 1035 732 causa
1056 674 1099 730 de
1120 672 1215 730 cultu

248 777 292 834 ab
312 773 574 834 immemorabili
596 776 749 841 tempore
769 770 937 841 praestito
963 771 1063 830 servo
1087 769 1152 832 Dei

516 870 669 940 Euserio
690 871 804 943 Papae
823 869 889 930 ΠΙ.

99 1195 137 1254 ld
155 1193 363 1256 confirmanda
377 1213 425 1268 ea,
440 1193 675 1272 quiasuperius

67 1287 268 1364 desumpsimus
299 1305 339 1348 er
365 1289 499 1348 Oratore
531 1286 563 1345 in
585 1303 677 1346 eausa

67 1383 175 1457 Engeuii
189 1385 243 1456 III,
259 1383 445 1443 sententiam
462 1385 554 1444 antea
566 1383 604 1443 ab
617 1381 678 1440 Or-

67 1473 166 1534 diucrio
185 1477 282 1536 latam
304 1494 344 1538 er
360 1475 484 1553 integro
498 1474 675 1547 referimus,

69 1571 193 1643 quaeest
212 1569 333 1629 tenoris
352 1587 431 1649 quae
453 1567 604 1646 seqnitur.

291 1801 424 1847 nomm

69 1953 158 2015 Cetus
186 1957 223 2016 ab
255 1953 502 2014 immemorabili
537 1961 675 2027 tempore

98 2051 231 2123 praestiti
252 2047 350 2107 Servo
372 2045 431 2104 Dei
452 2045 602 2123 Erupecio
615 2046 679 2104 Pa

96 2160 145 2217 pce
162 2141 222 2202 III.
237 2141 356 2202 Sancto
377 2157 414 2200 ac
428 2139 529 2200 Beato
551 2157 678 2199 amaccu-

96 2243 171 2312 pcto.

96 2409 199 2471 curisti
220 2408 343 2468 nomine
364 2407 521 2480 invocato,
545 2424 600 2483 pro
622 2405 680 2465 tri·

68 2503 154 2562 tunuli
192 2504 334 2562 sedentes
369 2504 402 2561 et
440 2502 540 2561 solum
582 2505 678 2562 Deum

68 2613 125 2670 prae
158 2597 252 2655 oculis
294 2596 471 2667 habentes3
514 2594 546 2652 in
588 2611 680 2654 causa

67 2693 151 2750 uultus
189 2691 226 2752 ab
264 2688 504 2749 immemorabili
540 2693 679 2765 tempore

70 2782 192 2858 praestIti
226 2785 326 2844 Servo
361 2783 417 2844 Dei
450 2783 589 2860 Eugenio
617 2783 680 2843 Pa-

69 2895 111 2952 pae
124 2880 162 2938 ΙΙΙ
180 2879 295 2938 Sancto
318 2893 353 2938 ac
370 2877 469 2936 Beato
490 2879 679 2951 nuncupato,

68 2988 109 3028 seu
127 2988 212 3048 super
232 2987 306 3029 casu
337 2974 467 3045 excepto
500 2987 519 3028 a
547 2969 681 3027 decretis

70 3063 149 3122 u'clicis
168 3063 288 3123 record.
312 3061 429 3123 Urbani
443 3063 546 3137 Papae
562 3063 634 3120 VIII
649 3061 680 3120 iu

68 3157 249 3216 sanctissima
270 3155 475 3231 InquisItionc
497 3154 602 3212 editis:
626 3153 683 3212 Vi-

67 3253 99 3311 sis
117 3252 353 3330 depositionibus
375 3251 503 3311 testium
521 3267 625 3310 coram
642 3250 684 3310 ll·

68 3345 235 3406 lustrissImo
262 3363 299 3404 ac
326 3344 598 3405 Reverendissimo
624 3345 685 3402 Do-

68 3439 134 3498 mino
144 3439 310 3500 Guillelmo
321 3437 435 3497 Sillani
447 3437 520 3497 olim
531 3438 683 3513 Episcopo

69 3533 267 3593 Tarracinensi
289 3532 321 3590 in
344 3530 478 3590 Iudicem
500 3532 619 3590 anobis
634 3533 685 3589 de-

69 3631 172 3700 putato,
183 3625 324 3704 legitime
346 3623 544 3686 inductorum
566 3625 685 3684 iurato·

70 3735 123 3777 rum
148 3722 178 3778 et
203 3717 477 3790 examinatorum,
500 3736 597 3794 neque
623 3735 681 3776 non

70 3810 170 3872 iuribus
189 3813 220 3870 in
242 3811 350 3871 eodem
382 3827 527 3887 processu
548 3811 685 3888 compul-

70 3905 152 3978 satis,
172 3923 206 3965 ac
227 3903 384 3982 legitimis
415 3903 540 3980 peritiis
563 3909 625 3964 tam
648 3905 685 3964 de

70 3999 236 4076 imaginibus
249 4015 342 4076 quam
355 3999 392 4056 de
406 3997 569 4057 (lodicibus
580 3996 684 4071 factis,

70 4096 185 4154 seruatis
218 4092 411 4166 servandis,
454 4093 532 4152 visis
566 4093 686 4152 eonsti-

71 4185 176 4246 tutione
194 4189 227 4247 et
248 4185 450 4264 deputatione
461 4185 685 4258 Postulatoris,

75 4277 132 4337 uiso
151 4283 212 4340 toto
234 4281 386 4340 Processu
414 4297 454 4339 ex
480 4297 541 4356 quo
563 4279 684 4356 liquet:

104 4373 124 4431 l.
145 4375 223 4441 Quod
245 4375 302 4434 vix
322 4374 378 4434 Ilei
407 4374 557 4435 Famulus
585 4375 688 4450 Euge·

74 4463 130 4525 nius
148 4469 225 4546 Papa
246 4467 375 4528 Tertius
390 4472 461 4545 post
475 4467 574 4527 vitam
589 4467 688 4526 omni-

73 4574 139 4630 gena
151 4563 297 4623 uirtutem
312 4561 434 4638 plenam
455 4561 505 4620 die
515 4563 629 4621 octaua
640 4563 688 4620 lu-

74 4649 103 4709 dii
126 4655 190 4716 anni
223 4654 384 4718 millesimi
412 4654 573 4716 centesimi
601 4654 690 4732 quin·

729 1193 901 1272 quagesimi
917 1193 1006 1256 tertii
1021 1191 1105 1253 viam
1120 1190 1284 1252 universae
1295 1205 1364 1250 car·

730 1289 776 1348 nis
798 1288 914 1349 Tibure
935 1287 1095 1365 ingressus
1115 1289 1182 1360 est,
1205 1285 1292 1345 illico
1314 1284 1363 1342 iu-

730 1383 907 1443 valesccnte
928 1380 1104 1442 sanctitatis
1126 1379 1193 1439 cina
1214 1379 1296 1437 fame
1318 1376 1363 1435 il-

730 1476 792 1536 lius
826 1491 937 1550 eorpus
971 1473 1043 1532 inde
1076 1473 1219 1543 elatum,
1251 1485 1364 1544 magua

731 1587 842 1648 pompa
860 1585 897 1630 ac
918 1569 1023 1645 populi
1052 1565 1229 1644 frequentia
1251 1564 1282 1624 in
1303 1565 1365 1624 Ur-

730 1663 799 1724 bem
815 1663 977 1724 devectum
992 1662 1045 1734 sit,
1059 1661 1184 1737 eiusque
1202 1657 1364 1734 exequiae,

732 1760 995 1835 praetermorem
1017 1757 1091 1816 tunc
1112 1743 1305 1823 consuetum,
1321 1749 1367 1808 ita

732 1869 788 1928 per
809 1851 933 1911 biduum
962 1851 1035 1909 sunt
1055 1866 1073 1906 a
1094 1849 1177 1907 clero
1198 1849 1232 1906 et
1252 1843 1365 1922 populo

732 1945 919 2018 celebratae,
941 1961 996 2004 eeu
1018 1941 1129 2003 scribit
1148 1943 1238 2017 Hugo
1257 1937 1367 2000 Cardi-

734 2040 813 2101 nalis
840 2037 1013 2111 Ostiensis,
1036 2044 1073 2095 ut
1101 2023 1167 2095 iam
1198 2033 1367 2094 crederetis

732 2139 925 2210 reponentem
952 2131 989 2190 in
1010 2130 1120 2201 coetis,
1142 2129 1367 2204 postmortem

733 2228 894 2288 colebatur
915 2226 952 2283 in
973 2227 1082 2283 terris:

773 2321 812 2379 ΙΙ.
843 2319 929 2384 Quod
960 2311 1275 2393 iustis·persolntis,
1300 2311 1368 2370 eius

733 2431 864 2492 eorpus,
885 2413 991 2487 eodem
1012 2428 1071 2488 quo
1092 2409 1199 2470 Sancti
1221 2405 1368 2482 Gregorii

734 2507 838 2568 Tertii
859 2523 894 2566 ac
914 2503 1003 2565 Beati
1026 2503 1115 2563 Petri
1136 2503 1268 2562 Levitae
1294 2517 1368 2558 eon-

733 2602 833 2663 ditum
855 2599 952 2682 luerit
976 2598 1183 2674 Sarcophugo,
1201 2596 1368 2672 eodemque

734 2697 854 2776 pariter
874 2693 960 2754 cultu
982 2692 1141 2752 habitum:

776 2791 829 2849 III.
852 2788 936 2854 Quod
965 2786 1049 2846 illico
1070 2786 1142 2862 post
1166 2786 1298 2842 mortem
1318 2800 1369 2841 eo-

735 2898 860 2942 ruscare
882 2879 1041 2940 miraculis
1061 2876 1211 2955 coeperit,
1237 2894 1273 2936 cc
1298 2893 1370 2952 pro-

735 2981 845 3053 pterea
865 2989 994 3050 magnus
1015 2973 1052 3030 ad
1072 2972 1138 3030 eius
1155 2969 1311 3029 tumulum
1325 2967 1371 3027 fa-

735 3073 804 3129 ctus
825 3067 927 3144 populi
950 3082 1116 3125 concursus
1142 3081 1291 3124 unacum
1316 3081 1371 3140 pu-

736 3161 809 3222 blici
829 3161 932 3219 cultus
953 3156 1245 3234 algnificntiouibus,
1260 3154 1372 3214 riden-

736 3256 831 3326 tibus,
845 3270 942 3328 neque
963 3250 1247 3310 contradicentibus
1259 3251 1372 3308 Roma-

737 3349 783 3408 nis
805 3345 1009 3406 Pontificibus
1031 3342 1084 3420 qui
1107 3343 1155 3404 illi
1177 3359 1369 3402 successere:

797 3442 851 3500 IV.
884 3440 967 3506 Quod
1000 3441 1067 3497 tum
1099 3439 1213 3496 Petrus
1244 3435 1373 3496 Mallius

736 3533 867 3612 Eugenii
882 3531 985 3591 Tertii
999 3549 1143 3604 coaevus,
1156 3535 1189 3590 et
1203 3530 1372 3590 Vaticanec

737 3627 890 3691 Basilicas
913 3625 1083 3686 Canonieus
1105 3624 1136 3682 in
1158 3642 1214 3684 sua
1235 3623 1372 3682 eiusdem

739 3725 895 3786 Ecclesiae
917 3723 1060 3792 historia,
1073 3739 1169 3798 agens
1190 3722 1227 3779 de
1249 3719 1373 3781 Sanctis

738 3818 789 3894 qui
811 3818 923 3876 ibidcm
951 3815 1170 3892 requiescunt,
1200 3811 1372 3889 capitulum

738 3911 899 3987 insculpsit
919 3910 1069 3968 delicato
1089 3907 1238 3982 iuspecto
1266 3905 1373 3965 Tertio
1394 3947 1401 3966 .

738 4005 842 4080 Papa,
860 4003 983 4077 eiusque
1006 4000 1205 4060 sanctitatem
1226 3997 1372 4074 plurimis

740 4097 880 4156 laudibus
902 4093 944 4154 sit
964 4094 1182 4168 prosequutus,
1203 4096 1269 4151 tum
1292 4091 1374 4149 Gau-

740 4193 840 4251 fridus
861 4190 1028 4249 Monachus
1049 4185 1169 4264 pariter
1188 4203 1321 4245 coaevus
1342 4185 1373 4242 in

740 4303 795 4343 suo
815 4299 905 4359 quem
927 4283 964 4339 de
985 4282 1099 4340 Sancto
1120 4279 1297 4352 Bernardo,
1318 4295 1375 4338 eo-

740 4379 807 4435 dem
839 4393 875 4434 ac
903 4374 1063 4450 Eugenius
1082 4375 1171 4434 Auno
1203 4391 1238 4432 ac
1269 4383 1374 4431 mense

741 4468 809 4528 vita
832 4467 939 4525 inuncto
970 4464 1191 4524 commentario
1223 4464 1373 4541 scrIpsit,

741 4557 926 4618 PontIflcem
948 4555 1029 4617 hune
1051 4557 1142 4618 Beati
1167 4557 1262 4616 titulo
1283 4559 1376 4616 hone·

742 4655 889 4728 staverit,
905 4652 1031 4732 eiusque
1051 4655 1189 4714 sanctam
1210 4669 1376 4712 conversa·
