3238 4940
212 301 273 381 lta
797 331 929 382 occasu

205 485 443 556 Neapolitana,
464 467 736 543 Beatiiloatlonis
751 491 786 543 et
802 484 1075 545 canonizationis
1095 485 1182 543 Van.
1198 482 1293 542 Serui
1306 484 1370 542 Dei
1390 484 1449 543 Fr.
1464 486 1523 546 Ae·

284 583 370 652 gidii
391 583 520 640 Mariae
542 599 562 640 a
582 585 615 638 S.
633 585 779 650 Iosepho
801 581 939 638 Ordinis
952 581 1121 640 Minorem
1140 583 1425 640 Excaloeetorum
1447 581 1524 639 stri·

283 679 402 739 otieris
424 681 668 738 observantiae
689 680 722 735 S.
738 679 832 737 Petri
853 679 896 735 de
909 681 1094 738 Aleantara
1114 678 1313 737 Prouincias
1327 678 1523 748 teatensis.

280 865 467 926 Ducanrnn.
492 865 623 931 «Ouum
645 865 696 944 agi
719 863 846 926 deberet
874 862 1176 942 incongregatione
1203 865 1369 924 Sacrorum
1390 863 1524 926 Ritnnm

202 959 369 1023 Ordinatio
389 964 426 1021 de
441 963 618 1022 validitate
641 964 807 1022 Processns
829 961 1027 1022 anctoritate
1042 959 1221 1037 apostolica
1234 959 1411 1020 constructi
1432 979 1525 1038 snper

203 1059 319 1120 duobus
332 1060 495 1120 MiracuIIs
508 1077 584 1138 qnae
598 1080 617 1121 a
631 1061 692 1121 Deo
707 1061 823 1136 optimo
839 1059 973 1119 maxime
985 1062 1110 1135 patrata
1119 1057 1324 1135 perhibentur
1337 1059 1525 1122 Ven.Servo

201 1157 257 1218 Dei
278 1157 411 1234 Aegidio
432 1158 533 1220 Maria
553 1159 700 1218 aSancto
716 1158 842 1233 lesepbo
856 1157 1015 1232 praedicto
1030 1157 1254 1228 intercedente,
1270 1153 1364 1216 Err'uns
1378 1161 1414 1218 et
1427 1155 1525 1219 Rn'uns

201 1253 239 1313 D.
262 1253 353 1313 Oard.
369 1253 523 1314 Hannibal
545 1255 666 1331 Oapalti
697 1253 765 1312 loco
786 1259 819 1312 et
840 1255 908 1310 vice
937 1249 1005 1312 Emi
1026 1260 1060 1310 et
1084 1247 1155 1312 uni
1183 1253 1219 1312 D.
1241 1252 1332 1313 Oard.
1349 1253 1525 1314 Alexandri

202 1349 344 1410 Barnabb
364 1351 481 1412 Causae
502 1351 599 1427 ipsius
620 1351 769 1409 Penestis
790 1349 926 1410 absentis
948 1365 1077 1425 sequens
1098 1348 1230 1407 Dubium
1245 1350 1455 1425 proposuitin
1470 1353 1526 1411 Or-

203 1447 334 1508 dinariis
355 1449 521 1509 Sacrorum
545 1449 674 1508 Ritnnm
696 1449 838 1508 Oomitiis
866 1447 1013 1506 hodierno
1041 1445 1090 1506 die
1117 1447 1155 1504 ad
1176 1445 1362 1506 Vaticanum
1387 1448 1523 1510 habitis:

204 1546 292 1605 «An
313 1553 434 1608 constet
454 1547 492 1606 dc
512 1546 689 1607 Validitate
710 1548 877 1606 Processere
899 1546 1076 1622 Apostoliei
1097 1547 1134 1603 in
1149 1541 1289 1605 Ciuitate
1303 1545 1525 1622 Neapolitana

204 1646 379 1704 constructi
398 1661 494 1720 super
514 1646 634 1703 duobus
647 1644 816 1704 Mirucute‘s
838 1661 859 1702 a
878 1643 942 1702 Deo
964 1644 1082 1719 optimo
1096 1644 1240 1701 manime
1260 1643 1426 1718 praedicto
1443 1645 1520 1704 Van.

144 1728 148 1736 ’
204 1739 266 1801 Dei
277 1742 381 1802 Servo
401 1744 617 1802 intercedente
635 1747 796 1818 patratis:
816 1743 918 1802 Testes
938 1745 1006 1800 sint
1026 1743 1089 1800 rite
1110 1747 1141 1800 et
1162 1748 1243 1801 recte
1265 1743 1464 1814 acuminati,
1489 1761 1526 1804 ee

206 1840 282 1900 iura
291 1840 450 1916 preducta
465 1843 607 1916 legitime
621 1845 817 1916 compulsatur
833 1845 868 1899 iu
883 1859 960 1901 casu
973 1849 1003 1900 ct
1018 1841 1062 1898 ad
1075 1840 1221 1916 effectum
1235 1838 1274 1898 de
1289 1856 1351 1916 que
1366 1841 1525 1918 agitari»

204 1932 273 1996 Emi
293 1953 384 2013 porro
405 1955 440 1998 ac
461 1933 533 1997 Rn‘ri
557 1939 666 1997 Patres
687 1939 792 1997 Sacris
814 1938 937 1997 tuendis
951 1937 1077 1998 Ritibns
1092 1937 1261 2019 praepositi
1282 1937 1424 1996 omnibus
1438 1954 1526 1996 accu-

204 2039 274 2094 rate
295 2035 466 2111 perpensis,
481 2037 647 2112 auditoque
669 2039 707 2096 R.
724 2039 760 2096 D.
778 2037 949 2096 Laiureutio
968 2035 1090 2096 Salvati
1112 2036 1244 2094 Sanctae
1259 2033 1348 2094 Fidei
1363 2035 1527 2094 Promotu-

205 2133 250 2192 ris
270 2133 460 2195 Ooadintore
481 2135 654 2194 rescribere
676 2137 738 2194 rati
761 2141 842 2194 sunt:
866 2135 1078 2209 Affirneative.
1096 2134 1151 2194 Die
1172 2134 1210 2193 31
1232 2134 1368 2214 Augusti
1393 2134 1484 2193 1872.

284 2229 414 2290 »Facta
434 2231 627 2306 postmodum
649 2233 685 2290 de
701 2228 880 2307 praemissis
900 2229 1103 2290 Sanctissimo
1117 2231 1247 2289 Domino
1261 2231 1378 2290 Nostro
1398 2231 1456 2290 Pio
1470 2232 1528 2290 Pa·

206 2345 262 2404 pas
282 2329 326 2388 IX
346 2346 402 2405 per
423 2346 471 2388 me
493 2328 727 2406 infrascriptam
749 2327 964 2388 Substitutum
985 2326 1182 2387 Secretariae
1203 2328 1369 2388 Sacrorum
1395 2329 1526 2390 Rituum

205 2426 461 2503 Gangregationis
482 2425 567 2486 fldeli
583 2427 745 2499 relatione,
762 2425 922 2486 Sanctitas
935 2425 1000 2484 Sua
1018 2425 1207 2485 sententiam
1222 2426 1337 2486 Sacrae
1350 2428 1526 2506 Oongrega-

206 2524 303 2585 tionis
324 2527 424 2585 raum
447 2524 558 2586 babuit
578 2528 611 2585 et
631 2524 842 2585 confirmavit.
864 2523 920 2584 Die
940 2523 961 2582 5
981 2523 1173 2599 Septembris
1194 2541 1274 2583 anno
1295 2525 1445 2590 eodem.»

340 2631 375 2694 O.
391 2630 494 2708 Episc.
510 2632 630 2692 Ostien.
647 2635 679 2692 et
694 2632 849 2691 Velitern.
866 2631 958 2691 Oaud.
974 2630 1108 2691 Pararzr
1129 2631 1162 2691 S.
1179 2633 1219 2692 R.
1234 2632 1268 2692 O.
1284 2631 1390 2692 Praei.

287 2744 369 2806 Loco
384 2745 416 2816 eit
431 2742 521 2820 Signi
1215 2753 1222 2767 ·

714 2838 779 2896 Pro
800 2837 838 2898 a.
856 2837 896 2898 P.
912 2837 952 2897 D.
968 2836 1137 2898 Dominico
1158 2836 1327 2896 Bartolini
1347 2835 1528 2898 Secretarie

846 2935 999 3012 Iosephus
1020 2923 1175 2996 Ge'ccotn'ei
1194 2935 1403 2995 Substitutus.

206 3103 381 3171 Bugellen.
396 3105 430 3159 et
442 3102 575 3159 Veneta
592 3115 654 3159 seu
667 3102 805 3158 Ordinis
819 3102 1110 3172 Praedicatorum‚
1123 3101 1391 3160 confirmationis
1406 3104 1525 3159 clulius

285 3201 328 3257 ab
349 3199 611 3256 immemorabili
624 3202 779 3268 tempore
799 3199 959 3268 praestiti
980 3200 1080 3256 Servo
1100 3199 1164 3256 Dei
1184 3200 1374 3267 Augustino
1395 3201 1525 3268 Pangio

285 3299 328 3355 de
341 3297 484 3396 liugane
503 3295 680 3352 Sacerdoti
693 3294 851 3353 Proiesso
867 3295 1019 3394 eiusdem
1034 3295 1172 3352 Ordinis
1192 3296 1298 3354 Beato
1312 3301 1523 3366 nuncupato.

286 3477 471 3536 Dnoasruu.
488 3475 619 3541 «Quum
641 3451 686 3535 Β(
696 3475 793 3533 Pater
814 3476 869 3533 Fr.
883 3475 1066 3535 Vincentius
1080 3477 1264 3552 Aequarone
1283 3477 1433 3538 Sacerdos
1446 3477 1527 3537 Pro-

208 3573 307 3634 fessus
326 3577 359 3632 et
380 3572 563 3632 Postnletor
583 3572 746 3631 Generalis
767 3572 937 3631 Causarum
958 3573 1204 3633 Beatiiicationis
1225 3576 1258 3632 et
1279 3575 1526 3636 canonizationis

210 3674 379 3731 Servorum
401 3670 455 3731 Dei
477 3669 602 3729 Ordinis
618 3669 872 3729 Praedicatornm
889 3689 927 3729 ex
941 3670 1077 3730 indubiis
1092 3672 1299 3731 monumentis
1314 3673 1525 3734 demonstrare

209 3767 444 3830 adlaboraverit
464 3768 562 3826 Servo
584 3765 638 3828 Dei
666 3768 844 3844 Augustino
864 3768 983 3843 Fangio
1004 3787 1024 3826 a
1042 3769 1175 3846 Bugella
1196 3769 1357 3829 Sacerdoti
1384 3771 1526 3832 Professo

211 3865 376 3927 memorati
397 3865 523 3926 Ordinis
552 3866 708 3942 publicum
730 3877 763 3926 et
790 3867 1044 3927 Ecclesiasticum
1072 3869 1196 3928 Oultum
1225 3869 1263 3927 ab
1291 3868 1527 3930 immemorabili

211 3973 349 4042 tempore
377 3982 485 4041 nempe
506 3967 579 4024 ante
607 3965 825 4026 Oenteneriam
854 3983 873 4024 a
893 3965 1034 4025 Decretis
1055 3984 1100 4025 aa.
1116 3983 1174 4026 me.
1193 3965 1310 4026 Urbani
1330 3967 1432 4042 Papae
1453 3967 1526 4026 VIII

211 4064 398 4142 requisitum
421 4063 575 4124 tributum
595 4062 703 4138 fuisse,
726 4082 855 4141 eumque
876 4064 1002 4125 Cultum
1024 4065 1061 4122 ad
1083 4065 1157 4124 haee
1179 4081 1273 4139 usque
1295 4067 1436 4141 tempora
1456 4083 1525 4140 per-

211 4179 367 4235 severare,
383 4161 598 4239 institeritqne
620 4165 656 4221 ut
675 4162 713 4222 ab
735 4163 793 4222 bac
807 4163 923 4222 Sancta
944 4163 1022 4222 Sede
1034 4162 1215 4238 Apostoliea
1234 4161 1316 4221 idem
1330 4162 1440 4223 Onltns
1453 4179 1527 4220 ecn-

210 4260 405 4331 firmaretur,
423 4259 615 4336 subscriptus
630 4259 804 4320 cardinalis
819 4261 931 4320 Sacrae
946 4260 1076 4321 Ritunm
1090 4259 1333 4336 congregationi
1346 4258 1527 4319 Praefectus

211 4364 245 4421 et
265 4359 358 4420 huius
378 4361 493 4421 Causae
514 4361 635 4420 Peneus
656 4379 786 4437 sequens
805 4360 937 4419 Dubium
959 4358 1184 4418 discutiendnm
1206 4359 1369 4436 proposuit
1389 4359 1419 4416 in
1437 4357 1524 4417 Ordi-

213 4457 311 4517 nariis
332 4457 467 4516 eiusdem
489 4459 601 4519 Sacrae
617 4457 872 4536 Congregationis
886 4457 1028 4521 Oomitiis
1049 4457 1199 4516 hodierna
1220 4457 1269 4516 die
1290 4457 1326 4516 ad
1343 4457 1524 4518 Vaticanum

214 4554 330 4614 habitis
351 4554 497 4612 nimirum
512 4573 530 4616 a
545 4555 599 4614 An
620 4563 740 4616 constet
761 4555 799 4615 de
820 4563 1044 4630 ansuescente
1066 4573 1086 4614 a
1107 4553 1249 4614 Decretis
1268 4571 1314 4613 su.
1331 4571 1391 4614 mc.
1408 4553 1526 4614 aeaeae

215 4651 326 4726 Papae
344 4649 430 4708 VIH
446 4668 500 4711 seu
520 4653 559 4712 de
580 4651 676 4712 Cultu
696 4655 735 4712 nd
749 4653 993 4712 Immemorebili
1013 4653 1114 4711 eidem
1133 4651 1231 4710 Seruo
1252 4649 1313 4711 Dei
1333 4651 1474 4711 subicito
1493 4657 1525 4704 at

216 4748 394 4824 multiplici
410 4746 656 4808 Ordinarioeunt
671 4749 1105 4829 testimonieconfirmateir
1119 4745 1187 4809 Erbi
1208 4765 1302 4828 porro
1323 4765 1359 4810 ae
1381 4743 1452 4810 lini
1469 4743 1527 4804 Pu·
