3238 4940
250 329 311 406 111
788 339 935 400 lrrsnnlx
959 339 1004 398 ul.

247 459 278 516 in
292 454 411 516 091199.
427 457 464 516 21
479 451 598 532 Aprilis
611 451 699 522 1000,
715 449 807 513 Garri.
826 453 885 510 Pe-
928 452 976 521 91,
999 449 1023 508 ei
1046 451 1203 510 Parochus
1220 445 1463 518 nudiustertius
1480 471 1551 534 prar-

208 611 215 630 ,
247 542 879 612 1990999991.99109999.19999.ΙΙΙ.
928 543 1028 603 stavit
1067 545 1252 620 patientiam
1290 545 1387 608 alteri
1428 553 1551 641 Patroclo

247 653 346 706 coast.
367 644 397 703 9.
420 664 454 702 9.
474 644 524 702 13.
550 652 624 702 tom.
640 643 687 712 2„
710 641 882 718 Pignatelli
925 639 1126 708 transeunti,
1154 638 1203 698 hic
1225 637 1451 702 incrastinum
1476 663 1551 720 pree-

246 741 381 798 999990.
401 736 474 795 199.
494 756 527 797 u.
544 737 576 796 5.
598 737 720 796 19994.
743 740 785 798 Et
805 736 883 812 quod
928 737 1014 790 stare
1029 733 1212 806 patientiam
1229 737 1394 797 teneretur
1415 740 1441 798 si
1457 741 1507 801 ille
1525 745 1549 800 in
1602 798 1604 805 ,

245 818 451 910 Re'gularium
474 832 586 891 funera
607 831 744 908 pervias
766 836 799 891 eq
820 832 884 908 pla.
929 825 996 882 eius
1027 823 1272 886 iurisdictionem
1306 833 1470 892 transiret.
1503 841 1551 895 Ast

246 929 326 998 leae,
349 923 533 1000 irrequisito
552 929 585 982 et
603 925 731 984 absente
745 925 885 982 Paroclro
929 917 1103 976 huiusmodi
1124 919 1235 995 egendi
1256 925 1410 984 rationem
1432 928 1550 988 alternis

245 1022 315 1080 duci
339 1020 620 1097 nequeant‚clare
642 1020 768 1078 tradere
791 1021 884 1076 Arno-
931 1012 1061 1084 vicibus,
1084 1031 1118 1072 ac
1141 1017 1241 1074 veluti
1270 1026 1548 1096 compensationem,
1601 1043 1602 1110 j

245 1112 879 1188 9199999999199119,14991999.
929 1105 1012 1164 99119
1029 1113 1117 1182 pecto
1133 1107 1258 1168 institui
1272 1129 1359 1187 posse
1374 1132 1442 1173 cum
1459 1119 1549 1192 Regu·
1601 1183 1602 1186 Ἴ

245 1225 270 1266 9.
287 1207 318 1266 5.
336 1225 369 1264 9.
387 1207 431 1276 8.,
456 1206 547 1266 (land.
564 1208 660 1266 Petra
680 1209 700 1264 l.
718 1225 745 1266 c.
766 1225 799 1266 u.
818 1204 880 1276 11„
927 1199 1063 1260 laribus:
1086 1220 1155 1261 cum
1171 1206 1297 1286 evenire
1319 1227 1472 1285 nunquam
1493 1231 1549 1286 pos·
1601 1255 1602 1260 1

245 1301 417 1375 Pignatell.
440 1303 575 1360 consult.
596 1297 668 1357 191.
690 1317 726 1357 us
747 1299 780 1356 4.
803 1309 826 1358 t.
847 1301 879 1359 4.
926 1293 986 1365 sit,
1007 1283 1045 1352 ut
1067 1301 1379 1374 memonasterium,
1402 1306 1547 1363 occasione

236 1394 394 1468 aliosque,
417 1412 472 1450 neo
496 1411 553 1450 non
575 1393 607 1452 S.
624 1393 658 1454 0.
675 1393 707 1452 O.
733 1394 763 1450 in
783 1393 882 1451 citata
926 1384 1515 1460 funerum,Parochitransiredebeent.

245 1485 365 1546 091199.
392 1489 498 1562 Neque
519 1487 683 1546 ariversari
704 1487 882 1546 Resolutio·
965 1485 1047 1542 Haec
1068 1487 1164 1559 quoad
1190 1487 1250 1544 duo
1273 1490 1379 1564 priora
1406 1495 1548 1568 proposita

244 1598 312 1638 nem
329 1599 367 1638 ex
383 1582 515 1638 erlverso
531 1580 700 1656 allegatam
717 1575 878 1638 (119219111
925 1575 1028 1636 dubia.
1052 1579 1099 1636 Ad
1116 1578 1244 1637 tertiam
1262 1584 1548 1656 procedens'Oretor

247 1672 335 1741 1620,
358 1673 536 1750 Repulcres
557 1681 654 1731 cetra
668 1677 812 1732 claustra
829 1673 881 1730 de·
925 1669 1049 1748 inquit:
1076 1688 1115 1728 ex
1137 1673 1305 1746 praelectis
1327 1676 1485 1752 principiis
1504 1683 1548 1738 ‹le-

242 1765 388 1824 99099199
412 1782 501 1840 posse
528 1766 571 1823 ed
598 1782 710 1824 earum
735 1768 881 1826 eeclesias
925 1765 1070 1822 scendere
1091 1783 1210 1840 quoque
1232 1785 1413 1844 responsum
1436 1775 1470 1831 ed
1493 1781 1548 1831 tor·

242 1859 366 1934 deferri
384 1861 483 1917 etiam
498 1858 653 1918 Peractis
668 1860 881 1928 inconsultis,⁸
926 1856 1003 1914 tium
1026 1855 1165 1916 dubium.
1190 1859 1224 1917 Si
1245 1861 1327 1920 enirn
1349 1863 1487 1924 Parocho
1508 1867 1547 1924 ius

242 1949 322 2009 lianc
339 1951 420 2008 enim
442 1951 477 2008 de
500 1949 639 2026 privata,
662 1969 729 2008 non.
744 1951 780 2010 de
802 1951 883 2010 sole·
923 1949 966 2008 sit
980 1951 1071 2008 funus
1086 1952 1306 2025 ducendi,eios
1318 1975 1439 2034 quoque
1451 1961 1546 2018 debere
1599 1977 1602 1986 ’

241 2045 306 2103 mni
325 2043 528 2103 associatione
549 2045 785 2120 intelligendam
801 2063 878 2118 esse,
923 2061 988 2102 esse
1000 2043 1190 2120 perficiendi,
1204 2052 1376 2122 postremos
1388 2055 1547 2129 peragendo

242 2138 334 2197 Gard.
351 2138 447 2196 Petra
469 2141 596 2198 199911.
618 2157 652 2196 a.
669 2137 699 2197 9.
924 2138 1143 2197 tumulationis
1167 2141 1267 2212 ritus,
1298 2145 1349 2218 qui
1380 2147 1545 2222 ceteroquin

279 2233 393 2292 Eadem
416 2232 538 2291 ratione
559 2233 638 2291 dilui
660 2233 877 2304 abiectionem,
923 2231 1059 2305 persolvi
1089 2233 1254 2309 nequirent
1275 2256 1293 2295 a
1314 2238 1474 2311 Superiori
1496 2243 1547 2298 Re·

241 2343 318 2402 quae
333 2325 414 2385 forte
429 2325 497 2398 fiat,
521 2327 602 2386 idest
622 2328 808 2388 deletionem
830 2347 880 2388 99-
923 2325 1039 2400 galeri,
1064 2328 1129 2383 tum
1151 2329 1229 2402 quod
1252 2329 1319 2388 eius
1340 2347 1435 2406 super
1455 2333 1549 2390 delon-

241 2420 366 2478 daveris
393 2421 430 2478 ad
456 2421 630 2496 sepulerum
655 2423 877 2482 aestimandam
922 2421 1007 2478 ctum
1036 2420 1228 2495 Religionum
1256 2421 1433 2482 iurisdictio
1458 2442 1547 2483 cessa-

241 2530 307 2570 esse
330 2517 485 2589 tamquam
508 2513 770 2573 continuationem
793 2515 880 2574 sune-
923 2515 991 2584 ret,
1015 2516 1079 2571 tum
1103 2516 1181 2589 qued
1210 2517 1432 2575 coemeterium
1454 2517 1547 2576 subie-

200 2631 202 2640 4
242 2607 344 2665 brium
360 2607 491 2677 rituum,
514 2608 566 2683 qui
586 2608 617 2666 in
633 2610 764 2666 ecclesia
785 2614 879 2668 antea
922 2606 1008 2662 cerel
1028 2605 1162 2663 Paroclri
1186 2606 1420 2666 iurisdictioni:
1445 2612 1477 2667 et
1496 2608 1546 2666 sic·

135 2771 137 2774 Ι
242 2699 421 2775 explentur,
443 2717 479 2758 ae
501 2701 630 2776 proinde
652 2703 734 2761 sieut
755 2703 785 2760 hi
809 2721 878 2778 spe.
923 2698 968 2755 uti
985 2697 1546 2773 099909191999999191109999111919

241 2792 379 2850 etanted
392 2793 564 2867 Regulares
576 2794 620 2851 sie
632 2795 758 2854 etillam
772 2797 808 2855 erl
823 2813 877 2854 eos
921 2799 970 2852 est
998 2793 1028 2850 in
1056 2793 1259 2869 Regularium
1287 2795 1428 2854 ecclesiis
1453 2811 1546 2854 sacres

242 2890 394 2960 spectare.
418 2887 494 2944 Cum
509 2887 590 2944 enirn
611 2889 814 2964 Regulerium
831 2889 878 2947 iu·
922 2884 1071 2960 perficere
1087 2886 1277 2958 functiones,
1292 2888 1338 2947 ita
1350 2888 1543 2948 interdictum

241 2979 385 3036 risdictio
400 2985 492 3038 extra
507 2983 765 3042 monasteriorum
783 2982 879 3042 ambi—
922 2998 987 3038 essc
1003 2980 1113 3039 debere
1125 2983 1336 3058 Regularibus
1357 3002 1410 3044 eas
1429 2984 1545 3060 explere

241 3079 309 3135 tum
324 3077 434 3142 cesset,
450 3075 597 3134 eiusmodi
612 3077 876 3136 continuationem
922 3073 951 3131 in
968 3073 1044 3132 locis
1058 3075 1149 3134 Glero
1164 3076 1315 3136 saeculari
1338 3079 1492 3137 subiectis.

241 3185 296 3242 per
312 3167 520 3240 territorium,
535 3171 654 3231 alienae
668 3173 876 3231 iurisrlictioni
960 3171 1052 3228 Hisce
1067 3171 1171 3245 itaque
1186 3170 1317 3248 aliisque
1331 3173 1470 3234 deductis
1487 3192 1545 3251 pro·

241 3261 427 3334 subiectum,
444 3262 643 3322 interdictam
658 3283 724 3323 esse
746 3266 873 3324 debere:
922 3264 1021 3340 posita
1041 3264 1171 3324 fuerunt

240 3373 276 3413 eo
290 3356 398 3430 magis,
413 3358 492 3431 quod
509 3375 614 3415 sacrae
628 3358 798 3418 functionis
814 3363 877 3418 ter·
1172 3363 1306 3418 Dubia

239 3453 875 3530 minussitcoemcterinm,inqu0‚utpote
960 3454 984 3512 Ι.
1009 3470 1026 3512 e
1045 3455 1104 3526 An,
1121 3455 1245 3531 expleto
1259 3453 1357 3513 officio
1379 3473 1470 3532 super
1490 3457 1544 3514 Re·

239 3546 327 3606 intra
341 3549 530 3623 paroeciales
544 3548 663 3608 limites
676 3552 876 3626 comprehcn-
919 3564 937 3604 a
953 3547 1072 3623 galeris
1088 3549 1251 3619 cadavere,
1269 3549 1428 3610 Parochus
1442 3553 1545 3606 metro·

238 3659 283 3713 ao,
300 3642 472 3716 Regulares
485 3642 710 3703 iurisdictionis
723 3651 877 3703 99199919-
920 3639 937 3697 1
952 3639 1109 3714 politanae
1130 3641 1278 3699 eeclesiae
1293 3643 1397 3701 vocari
1414 3646 1445 3702 et
1458 3641 1545 3700 inter·

238 3753 345 3796 crcere
361 3756 417 3796 non
435 3756 533 3814 posse.
550 3740 656 3814 Neque
678 3739 809 3814 denique
830 3741 876 3799 iu·
921 3749 1020 3792 »esse
1049 3734 1141 3794 debet
1167 3752 1235 3792 cum
1258 3735 1399 3808 stolevin
1422 3735 1542 3795 solemni

238 3845 313 3887 vare
344 3831 519 3906 exemplum
551 3850 590 3890 ex
615 3849 651 3888 cc
680 3832 874 3908 desumptum
920 3828 1157 3888 »associatione
1177 3829 1311 3888 eiusdem
1329 3831 1492 3906 Regularis
1510 3828 1542 3888 ad

237 3926 316 3999 quod
332 3924 428 3984 liceat
443 3925 595 3997 Parocho,
611 3925 731 3985 funeris
744 3927 874 3985 ducendi
920 3922 1109 4008 »publicum
1130 3923 1351 3982 coemeterium
1373 3925 1404 3982 in
1419 3943 1497 3984 casu.

236 4035 340 4090 causa,
357 4036 412 4094 per
423 4019 517 4078 aliam
535 4021 707 4095 paroeciam
724 4023 872 4094 transire,
959 4017 998 4074 ll.
1016 4033 1034 4074 n
1049 4018 1098 4097 An
1112 4017 1173 4074 ista
1193 4015 1312 4077 funeris
1332 4021 1481 4095 processio
1499 4035 1543 4075 or·

236 4111 325 4173 nuilla
340 4111 431 4170 venia
451 4112 489 4170 eb
512 4113 601 4170 huius
618 4116 750 4172 Rectene
772 4118 875 4192 requi·
919 4111 1086 4169 »dicende
1100 4111 1143 4168 sit
1161 4112 1217 4169 sub
1232 4115 1265 4170 et
1280 4118 1447 4189 praeeunte
1459 4129 1541 4171 eruco

235 4207 315 4278 sita,
346 4210 497 4282 quatenus
519 4223 626 4282 nempe
649 4205 679 4264 id
702 4207 802 4283 ipsum
828 4209 873 4270 fas
919 4207 1211 4282 »metropolitanae
1232 4225 1285 4268 seu
1307 4209 1542 4286 parochialisec·

235 4300 279 4360 sit
300 4297 454 4375 superiori
477 4299 648 4375 Regulam,
679 4301 732 4377 qui
754 4307 803 4362 est
824 4304 872 4362 sui
918 4302 1063 4362 »clasiae
1085 4301 1116 4360 in
1137 4319 1221 4363 casu.

235 4391 388 4467 Religiosi
404 4395 572 4452 Parochus
589 4395 688 4454 Huius
707 4397 790 4455 enim
813 4398 873 4457 dis·
957 4411 975 4454 »
997 4397 1037 4454 Et
1064 4397 1214 4472 quatenus
1244 4397 1431 4458 affirmative
1458 4397 1490 4456 ad
1518 4395 1540 4454 1.

237 4487 399 4562 positionis
422 4487 654 4546 fundamentum
683 4507 750 4549 esse
778 4510 873 4567 quan·
918 4493 983 4550 »et
1005 4493 1042 4550 ll.

235 4587 305 4640 9919
328 4579 426 4642 veluti
453 4581 799 4658 correspeotiritatem,
827 4584 872 4646 ita
955 4585 1012 4646 111.
1031 4583 1110 4648 »nn
1129 4581 1284 4646 Parochus
1298 4583 1408 4646 debeat
1421 4581 1540 4660 deponc-

1173 4755 1269 4916 t

1559 4696 1606 4916 ,1
