3238 4940
431 276 600 360 asscensus
622 277 941 330 sammonicus.
1287 253 1348 327 117

61 377 208 462 militiam
234 379 400 468 deserere
427 383 626 482 nequeunt,
657 403 732 456 nen
758 379 883 456 illicite
911 381 1021 459 inea
1048 376 1183 456 militia
1208 400 1354 480 perma-

60 523 138 588 nere,
168 498 199 574 si
227 497 351 573 anime
392 495 593 597 comparati
634 494 709 572 sint
740 517 821 570 eam
853 495 1039 574 deserendi
1082 493 1354 598 quamprimum

60 615 207 714 poterunt
233 614 272 688 et
298 611 511 687 abstineant
536 608 686 686 interim
713 609 760 686 ab
787 610 931 686 actibus
957 610 1099 687 illicitis
1134 607 1350 710 designatis.

122 729 160 804 ll.
182 725 324 804 Milites
352 727 470 818 enim,
503 723 567 825 qui
594 724 664 800 hec
691 724 815 800 animo
843 729 930 802 sunt
957 725 1182 827 comparati,
1215 724 1351 825 quique

61 869 126 918 eurr
149 841 311 918 animum
338 839 460 942 alique
487 839 594 916 mode
621 838 865 934 ostenderint,
898 865 1016 942 neque
1043 840 1207 918 fautores
1234 836 1352 942 publi-

61 983 108 1033 cae
131 955 378 1059 usurpationis
405 956 475 1032 dici
502 959 671 1060 possunt,
702 978 821 1056 neque
849 955 1060 1034 scandalum
1086 959 1225 1032 creant.

121 1073 177 1150 lll.
197 1071 335 1148 Eodem
365 1095 475 1149 censu
501 1071 687 1150 habendes
714 1096 793 1148 esse
819 1071 1014 1152 inferiores
1032 1072 1188 1150 militiae
1215 1069 1353 1148 civicae

62 1187 222 1282 officiales,
256 1186 321 1289 qui
346 1188 386 1264 in
414 1187 540 1264 eadem
565 1185 773 1263 conditione
791 1191 984 1265 versentur
1002 1187 1204 1288 eodemque
1230 1187 1353 1262 anime

62 1304 119 1380 sint
141 1304 354 1406 comparati,
386 1304 418 1380 si
445 1325 559 1405 grave
587 1301 686 1379 aliud
713 1325 788 1380 non
814 1304 948 1395 obstet,
980 1307 1022 1380 ut
1048 1307 1144 1380 esset
1170 1303 1354 1387 iuramen-

61 1425 134 1494 tum.
491 1485 492 1489 ,
546 1516 550 1524 ι

121 1538 183 1613 lV.
205 1536 385 1625 Quamvis
412 1535 513 1611 enim
531 1555 597 1634 per
615 1532 829 1609 electionem
856 1535 1035 1612 eiusmodi
1054 1533 1248 1611 inferiores
1275 1532 1356 1610 offi-

63 1649 149 1726 ciales
174 1654 368 1740 creentur,
400 1671 600 1748 eorumque
632 1650 833 1748 acceptatio
870 1647 919 1723 sit
950 1648 1184 1741 necessaria;
1213 1651 1351 1743 tamen,

63 1791 128 1840 rum
152 1769 188 1842 in
214 1791 259 1842 ec
286 1765 443 1842 militiae
470 1769 569 1841 statu
596 1787 812 1865 permanere
841 1764 1056 1866 adigantur,
1089 1764 1254 1866 aequitas
1281 1789 1356 1843 nen

62 1882 202 1978 patitur,
235 1885 277 1958 ut
303 1882 484 1956 minorem
512 1878 744 1955 vexationem
778 1878 848 1956 sibi
880 1903 1011 1956 curare
1047 1904 1121 1956 non
1148 1880 1292 1983 possint
1318 1879 1356 1956 in

64 2021 92 2070 rc
114 2025 171 2098 per
195 2023 234 2074 sa
263 1995 485 2074 indifferenti
514 1993 587 2098 (l).

105 2179 139 2252 (1)
153 2151 219 2236 111131
239 2184 271 2234 in
296 2199 325 2236 re
350 2197 399 2250 per
425 2197 453 2234 se
479 2182 671 2235 indifferenti:
722 2182 821 2234 ordine
841 2181 1002 2248 exequendo
1016 2183 1209 2251 servandeque
1230 2185 1260 2236 in
1282 2184 1356 2236 mili-

63 2287 163 2338 nanque
188 2277 328 2340 comperta
354 2277 421 2324 sunt
447 2288 583 2338 munera,
605 2287 674 2337 qnae
722 2273 779 2324 tari
798 2273 902 2323 civium
917 2271 1021 2322 eisdem
1042 2273 1248 2336 assignatorum
1266 2273 1357 2326 servi·

63 2363 127 2412 coire
149 2363 247 2414 debent
270 2363 422 2414 inferiores
447 2363 578 2414 officiales
601 2364 675 2413 mili·
721 2362 770 2428 tio,
792 2377 862 2430 qnae
881 2376 930 2428 per
949 2376 979 2413 se
998 2361 1073 2414 nihil
1092 2361 1160 2414 mali
1179 2363 1336 2417 continent.

63 2451 110 2502 tiae
127 2454 239 2505 civicae:
262 2453 331 2507 haec
353 2453 428 2505 enlm
454 2453 618 2506 consistunt
644 2455 674 2506 in

570 2587 829 2668 Μ

439 2777 706 2857 RESPONSA
734 2773 962 2860 lURlDlOll

64 2988 81 3029 3
104 2977 130 3031 8.
145 2977 411 3036 Peenitentiaria
432 2980 514 3034 data
535 2981 578 3036 ed
600 2980 706 3037 dubia
727 2980 1038 3054 circumlationem
1062 2979 1153 3038 inter
1172 2983 1358 3052 Regulares

133 3071 249 3127 iniuria
269 3072 306 3128 in
327 3071 431 3127 Italia
453 3085 656 3140 suppressos
685 3075 727 3129 ab
755 3072 1002 3138 incompetenti
1031 3073 1234 3130 auctoritate
1255 3077 1289 3129 et
1310 3076 1358 3129 le-

132 3178 235 3220 cerum
258 3164 475 3221 ordinaries:
491 3180 579 3232 quae
600 3166 738 3234 quidem
752 3169 929 3234 Responsa
943 3169 1130 3233 explanant
1151 3148 1290 3224 uberius
1304 3169 1358 3224 In-

133 3259 344 3316 structienem
366 3259 452 3318 elias
474 3261 601 3329 datam,
624 3273 724 3328 quam
746 3263 851 3318 hahes
873 3261 910 3317 in
929 3261 1263 3329 v01.111.pag,151.

136 3479 151 3521 ‹
170 3450 258 3528 Cum
278 3451 392 3531 Sacra
409 3451 703 3529 Peenitentiaria
716 3453 883 3556 Epistola
901 3455 988 3531 data
1006 3455 1072 3531 sub
1100 3455 1157 3531 die
1184 3453 1230 3530 lS
1250 3455 1360 3557 Apri-

63 3557 105 3634 lis
124 3563 207 3642 mol
234 3567 436 3644 decreverit
453 3590 556 3642 num.
580 3566 618 3643 3.
640 3569 824 3658 -Demus
843 3569 1062 3670 Regularcs,
1086 3569 1246 3645 civiliter
1272 3596 1359 3671 sup-

63 3701 201 3773 pressas,
231 3683 423 3759 dnmmodo
451 3681 491 3759 in
517 3708 593 3776 eas,
625 3689 701 3760 tres
728 3685 870 3776 saltem,
894 3686 939 3760 ad
959 3687 1008 3762 111
1041 3686 1245 3785 degendum
1272 3709 1360 3761 een-

63 3792 198 3872 3311331
221 3797 440 3900 Regulares,
473 3822 629 3899 quorum
658 3823 754 3875 unus
782 3800 825 3876 ad
856 3801 977 3876 minus
1005 3802 1054 3876 sit
1082 3802 1268 3892 Sacerdos,
1301 3801 1359 3875 iu·

63 3904 243 3988 risdictieni
269 3913 435 3989 Ministri
462 3912 707 3990 Prouincialis
734 3912 812 3989 fore
838 3916 1033 4010 subiectas,
1066 3941 1200 4016 easque
1228 3938 1360 4016 regen-

63 4019 127 4094 das
148 4049 215 4103 esse
240 4054 305 4130 per
333 4028 568 4130 Superiorem
595 4028 816 4130 peculiarem
843 4029 893 4106 ibi
920 4030 1235 4108 constituendum:

141 4142 358 4231 »Quaeritur
381 4143 431 4219 1⁰:
453 4143 640 4231 Quomodo
661 4168 700 4218 se
719 4169 846 4245 gerere
864 4147 1019 4224 debeant
1033 4145 1248 4246 Superiores
1264 4146 1358 4220 Pre-

62 4251 220 4334 rinciales
245 4265 280 4336 et
306 4258 458 4336 Lecales
486 4261 572 4334 dum
599 4257 816 4336 Ordinarius
856 4259 926 4336 leci
969 4260 1149 4337 subiicere
1183 4259 1265 4335 vult
1291 4260 1358 4336 Sa-

62 4391 143 4440 mae
164 4373 356 4452 Canonicac
384 4374 605 4451 Visitationi
633 4373 805 4451 ecclesias
832 4377 870 4451 et
895 4376 1040 4466 denies,
1081 4401 1123 4452 ac
1155 4375 1357 4450 visitationi

61 4481 114 4554 im
141 4484 242 4565 lictae
266 4491 487 4566 uertentem·
512 4490 730 4592 RegulareS,
763 4489 837 4589 qui,
870 4489 910 4566 in
938 4514 1088 4566 numere
1121 4491 1282 4567 ternario
1303 4491 1359 4564 ‘si-

62 4593 142 4672 rnul
163 4597 366 4701 habitantes
398 4603 570 4683 ecclesias
597 4605 697 4710 ipsas
725 4607 763 4682 et
790 4606 914 4683 demes
942 4605 999 4683 sui
1026 4605 1175 4685 Ordinis
1196 4605 1357 4762 ¹'tenenti
