3238 4940
202 323 266 406 let
807 336 943 398 uersari

197 509 348 566 Romane
368 519 429 564 sen
450 497 566 561 Setina
593 499 863 560 Beatifloatlonis
885 503 920 556 et
941 491 1214 556 canonizationis
1234 493 1322 560 ven.
1340 489 1432 556 Serri
1452 492 1509 562 Dei
1600 562 1601 565 ,

277 605 334 659 Fr.
350 604 462 661 caroli
483 602 618 660 asotia
645 599 743 660 nasei
763 597 916 656 Prolessi
936 596 1075 654 Ordinis
1095 595 1265 654 Minaeum
1287 596 1321 651 Β.
1339 597 1506 656 Francisoi
1600 611 1601 616 ¹

277 701 561 760 Reformatorem.

726 821 860 882 SUPER
880 818 1000 881 DUBIO

447 949 521 1024 Aa,
544 958 575 1010 et
595 949 634 1008 de
653 949 769 1026 quibus
788 949 957 1006 miraculis
977 953 1097 1006 constet
1118 947 1155 1004 in
1175 963 1270 1018 cusu,

583 1057 613 1109 et
634 1048 677 1107 ccl
698 1050 842 1126 effectum
862 1046 901 1107 de
920 1063 983 1123 quo
1004 1045 1140 1122 epicuri

260 1171 463 1251 'cessurum
478 1206 497 1250 ‹
515 1188 663 1256 Quamvis
692 1187 810 1246 duobus
837 1185 948 1247 abhinc
969 1184 1102 1244 saeculis
1129 1183 1327 1245 Venerabilis
1354 1185 1476 1246 cnrolus
1495 1206 1513 1250 a

197 1285 287 1347 Setia
306 1289 420 1348 Laicus
440 1285 650 1348 Franciscalis
664 1285 876 1344 Discalceatus
897 1283 935 1344 ab
956 1283 1014 1342 hoe
1035 1283 1157 1342 saeculo
1179 1283 1321 1343 sublatus
1342 1283 1449 1358 fuerit,
1471 1291 1515 1344 ta·

197 1483 405 1544 exaltaretur.
428 1483 517 1542 Nunc
537 1481 617 1540 enim
647 1481 737 1558 pravi
764 1479 904 1538 homines
924 1478 1002 1537 inito
1024 1478 1145 1538 foedere
1166 1497 1234 1538 cum
1257 1484 1413 1556 potestate
1433 1486 1516 1541 tene

197 1580 324 1639 brarum
351 1579 564 1640 saevissimum
585 1579 734 1637 exercent
754 1577 868 1636 bellum
894 1576 1043 1636 adversus
1063 1576 1246 1652 Dominum,
1268 1579 1393 1656 eiusque
1414 1579 1517 1640 Eccle-

196 1680 292 1752 siam,
308 1682 344 1738 ut
365 1695 474 1737 nomen
490 1671 545 1738 D'ei
561 1695 619 1735 non
633 1680 823 1735 memoretur
837 1675 970 1750 amplius
990 1679 1023 1735 et
1044 1676 1237 1737 haereditate
1252 1678 1430 1754 possideant
1443 1681 1517 1739 San·

196 1777 353 1838 ctuarium
374 1777 452 1838 eius.
465 1776 594 1836 Interim
615 1775 818 1834 scientissima
837 1773 992 1834 Ecclesiae
1013 1775 1151 1834 membra
1171 1775 1355 1838 divexantes
1375 1778 1518 1838 Ordinem
1604 1775 1605 1818 Ἰ

199 1874 432 1935 Sacerdotslem
459 1875 492 1932 et
519 1871 692 1950 Regulares
719 1870 867 1932 Familias
895 1871 984 1930 bonis
1011 1873 1179 1932 exturbare
1206 1877 1240 1932 et
1266 1873 1444 1950 disperdere
1470 1875 1518 1934 iu·

197 1977 333 2032 tentant.
357 1972 402 2030 Ad
426 1971 455 2030 id
477 1969 601 2030 lacilius
622 1969 842 2046 assequendum
864 1969 1060 2046 turpissimas
1074 1969 1244 2036 calumnias
1263 1972 1299 2030 de
1314 1989 1421 2031 eorum
1436 1972 1518 2032 vitae

197 2071 319 2130 ratione
340 2069 370 2128 in
393 2069 506 2148 vulgus
526 2070 678 2144 spargunt
699 2070 734 2126 ut
755 2067 891 2126 omnium
914 2068 1087 2143 peripsema
1101 2067 1284 2128 habeantur.
1301 2071 1417 2129 Verum
1441 2073 1517 2130 Deus

199 2170 252 2244 qui
273 2185 439 2244 congruam
466 2165 657 2242 temporibus
683 2166 830 2226 adhibere
852 2166 931 2225 solet
952 2165 1135 2225 medicinam
1163 2167 1200 2226 ed
1226 2185 1333 2226 eorum
1361 2167 1517 2244 perfidiam

198 2267 440 2326 confundendam
461 2265 565 2323 erexit
579 2265 616 2322 de
630 2269 768 2324 stercore
782 2281 946 2339 pauperem
962 2264 1043 2321 huuc
1062 2264 1221 2340 Seraphici
1235 2264 1393 2327 Francisoi
1409 2265 1517 2336 lilium,
1605 2279 1606 2328 l

199 2383 327 2440 eumque
350 2363 490 2438 supernis
512 2361 750 2422 charismatibus
771 2360 897 2420 ditavit.
920 2363 995 2420 Post
1016 2362 1082 2419 eius
1104 2361 1223 2420 obitum
1248 2363 1363 2423 eximia
1384 2365 1520 2422 Veners-²

199 2463 271 2521 hilis
291 2461 395 2521 caroli
418 2459 568 2520 sanctitas
589 2460 683 2518 etiarn
707 2459 918 2535 prodigiorum
940 2458 1119 2518 testimonio
1141 2459 1326 2520 confirmata
1347 2460 1420 2520 fuit.
1443 2462 1521 2528 Quo·

199 2578 267 2618 rum
290 2561 349 2618 duo
371 2561 407 2620 ad
431 2557 648 2634 gravissimam
670 2558 832 2616 Sacrorum
847 2557 978 2616 Rituum
994 2557 1252 2632 congregationis
1272 2558 1519 2634 disquisitionem

199 2658 294 2716 semel
309 2658 483 2732 iterumque
495 2659 528 2714 et
542 2655 638 2714 tertio
652 2655 810 2730 proposita
821 2655 920 2726 luere,
936 2653 1057 2713 seilicet
1071 2654 1102 2712 iu
1115 2655 1435 2730 Antepraeparatorio
1446 2657 1521 2715 con·
1606 2681 1607 2732 p

202 2759 296 2812 ventu
318 2755 349 2811 in
372 2753 499 2813 aedibus
520 2751 783 2812 Reverendissimi
804 2751 979 2810 cardinalis
999 2749 1039 2809 cl.
1057 2767 1115 2810 me.
1131 2751 1282 2810 Ludovici
1303 2752 1420 2812 Altieri
1446 2756 1519 2812 tunc
1606 2733 1607 2770 ³

200 2852 315 2910 Causae
337 2848 496 2910 Relatoris
517 2848 678 2907 undecimo
692 2847 849 2906 Kalendas
871 2847 1001 2907 Martias
1022 2849 1105 2907 Anni
1126 2849 1373 2910 MllcchXVlI
1393 2853 1517 2910 coacto:

199 2946 308 3005 deinde
329 2947 360 3005 in
382 2944 518 3006 consilio
541 2943 780 3021 Praeparatorio
810 2944 1149 3004 Reverendissimorum
1177 2945 1389 3006 cardinalium
1417 2948 1520 3008 Sacris

200 3045 323 3103 tuendis
344 3043 470 3104 Ritibus
492 3043 739 3120 praepositorum
760 3042 792 3100 iu
813 3041 938 3104 Palatio
955 3043 1134 3120 Apostolico
1149 3044 1301 3104 Vaticano
1323 3046 1519 3106 decimonono

199 3143 356 3202 Kalendas
376 3143 565 3202 Februarias
587 3144 676 3201 Anno
697 3142 960 3201 MDcchXVIII
982 3141 1104 3200 habito:
1126 3142 1247 3200 demum
1269 3142 1301 3200 in
1317 3143 1521 3202 Generalibus

199 3242 341 3302 Comitiis
361 3259 465 3301 coram
487 3237 582 3300 SSriro
603 3241 731 3301 Domino
749 3241 865 3300 Nostro
887 3241 943 3300 Pio
964 3241 1048 3316 Papa
1068 3241 1113 3300 IX
1134 3242 1233 3302 tertio
1246 3243 1403 3302 Kalendas
1417 3245 1521 3317 hugu-

199 3341 242 3399 sti
264 3339 337 3399 anui
359 3338 514 3399 vertentis
535 3338 675 3398 collectis
702 3337 733 3396 iu
756 3337 865 3414 quibus
894 3356 912 3399 a
932 3337 1202 3398 Reverendiesimo
1224 3338 1382 3400 cardinali
1408 3340 1520 3398 Ioanne

197 3437 342 3512 Baptista
363 3435 453 3496 citra
481 3437 598 3496 Causae
623 3435 771 3495 Relatore
799 3434 956 3510 proposito
977 3434 1107 3494 Dubio«
1123 3438 1189 3503 Aa,
1212 3435 1301 3494 etde
1321 3437 1437 3512 quibas
1456 3435 1522 3494 Mi-

200 3537 322 3594 raculis
335 3542 455 3595 constet
476 3536 513 3592 in
534 3550 611 3593 casu
630 3541 661 3591 st
682 3534 724 3591 ad
745 3536 888 3609 effectum
908 3531 946 3590 de
967 3550 1029 3608 qun
1050 3532 1185 3608 adituri
1200 3549 1217 3592 a
1233 3533 1299 3590 tum
1320 3534 1520 3596 consultores

198 3639 263 3691 tum
286 3629 551 3690 Reverendissimi
574 3631 685 3688 Patres
705 3629 887 3688 Cardinales
915 3629 945 3686 in
968 3627 1184 3690 affirmativam
1212 3629 1300 3690 lvere
1321 3635 1519 3694 senteutiam.

197 3727 364 3806 Suffragiis
386 3727 543 3804 perpensis
564 3724 722 3785 Sanctitas
743 3725 807 3785 Sua
827 3725 929 3785 uoluit
949 3724 1037 3784 illico
1056 3743 1141 3785 suam
1156 3729 1291 3802 pandere
1304 3733 1453 3802 mentem,
1468 3731 1520 3790 sed

198 3843 306 3904 preces
328 3825 443 3884 indixit
463 3825 500 3883 ad
523 3823 750 3898 impetrandum
773 3822 875 3881 lumen
896 3841 916 3881 a
935 3823 1032 3880 Patre
1054 3822 1216 3882 luminum.

283 3925 456 3984 »Tandem
486 3919 601 3981 statuit
629 3937 716 3978 suum
745 3919 887 3996 proferre
909 3919 1055 3978 iudicium
1083 3919 1115 3978 in
1145 3922 1201 3980 hac
1229 3921 1279 3980 die
1308 3922 1521 4001 Assumplioni

195 4019 347 4096 Deiparaa
368 4035 466 4078 sacra.
489 4018 686 4093 Quapropter
707 4015 794 4093 prius
814 4017 948 4077 salutari
969 4017 1080 4076 Hostia
1100 4018 1132 4076 iu
1154 4018 1275 4078 Sacello
1297 4019 1436 4096 Xystino
1462 4023 1521 4082 Pe-

195 4115 266 4176 latii
279 4115 453 4192 Apostolici
469 4113 615 4175 Vaticani
635 4115 834 4174 devotissime
848 4115 964 4186 oblata,
981 4117 1019 4176 ad
1040 4131 1072 4173 se
1086 4113 1202 4176 accivit
1216 4118 1519 4180 Reverendissimum

195 4213 392 4274 cnudinalem
414 4213 650 4275 constantinum
671 4213 794 4296 Patrizi
816 4213 1001 4290 Episcopum
1022 4213 1194 4273 Ostiensem
1216 4217 1250 4275 et
1270 4216 1519 4277 veliternensem

195 4313 284 4374 Sacri
305 4313 438 4390 collegii
459 4314 613 4373 cecanum
635 4316 668 4374 et
689 4315 855 4374 Sacrorum
878 4313 1008 4374 Rituum
1037 4314 1279 4390 congregationi
1303 4315 1519 4408 Praefectum3

195 4409 331 4488 itemque
345 4411 650 4472 Revereudissimum
664 4410 859 4473 cnrdiualem
874 4413 1018 4472 loannem
1033 4411 1208 4488 Baptistam
1223 4411 1315 4471 Pitra
1332 4413 1449 4474 caueae
1461 4419 1521 4477 lle·

194 4510 327 4570 latorem
350 4529 411 4571 una
424 4527 492 4570 oum
508 4513 547 4572 R.
560 4513 595 4570 P.
609 4513 781 4573 Laurentio
802 4510 925 4571 Salvati
946 4509 1078 4571 Sanctae
1099 4511 1189 4570 Fidei
1211 4512 1405 4572 Promotoris
1425 4515 1522 4575 coad-

194 4608 298 4668 iutore
319 4611 352 4668 et
373 4627 420 4668 me
442 4607 643 4685 infrascripto
670 4610 848 4669 Secretario
876 4609 1046 4686 iisdemque
1073 4608 1271 4668 adstantibus
1297 4609 1418 4670 edixit:
1443 4611 1522 4672 corr·

194 4707 340 4766 alurede
361 4707 480 4766 duobus
501 4705 673 4766 Miroeulis
691 4705 888 4767 Venerabilis
909 4707 1003 4766 Serui
1023 4705 1085 4767 Dei
1113 4703 1222 4767 Caroli
1249 4727 1271 4768 c
1289 4707 1382 4768 Setia
1409 4729 1521 4788 nempe

17 4801 233 4920 Α
249 4801 434 4900 predictos-o
454 4803 546 4886 siquo
567 4809 662 4863 coeto
691 4803 727 4863 iu
746 4802 881 4864 sinistro
901 4801 1098 4866 Venerabilis
1119 4799 1212 4868 Serri
1232 4801 1293 4872 Dei
1322 4806 1421 4874 lutros
1449 4815 1521 4901 post
